2580 4756
706 315 748 377 86

232 500 268 565 lis
295 496 502 583 intelligenda
517 494 577 571 sit,
613 494 736 579 optime
752 491 894 576 patebit,
919 490 979 556 ubl
997 510 1082 577 quae
1101 507 1230 575 praece·

231 622 315 684 dunt
336 614 643 698 comparaverimus.
689 610 872 695 Scripserat-
888 610 995 675 enim:
1034 607 1230 678 ‹t-Acoetlunt

234 738 288 824 (ad
317 749 386 800 tuas
417 729 538 817 laudes)
568 752 634 796 non
655 731 778 808 Attici,
812 732 867 794 sed
888 730 1031 795 salsiores
1064 750 1169 815 quam
1187 727 1230 792 illi

236 850 471 943 [Atticorum],
494 850 635 915 Romani
659 863 779 914 veteres
802 862 900 932 atque
922 847 1040 913 urbani
1052 850 1155 913 salest-
1168 845 1233 934 Ego

234 972 371 1034 mirifice
393 969 502 1053 capior
527 968 665 1044 facetiis,
689 966 832 1030 maxime
853 965 1070 1043 nostratibu83
1094 976 1234 1048 praeseri

235 1092 296 1154 tim
326 1109 430 1174 quum
460 1109 510 1152 eas
545 1087 672 1153 videam
696 1086 845 1170 primum
870 1085 984 1149 oblitas
1015 1085 1111 1150 Latio
1144 1098 1233 1160 tum,

235 1230 341 1293 quum
361 1208 396 1270 in
406 1207 523 1270 urbem
544 1218 688 1270 nostram
708 1217 754 1269 est
779 1205 883 1268 infusa
906 1203 1138 1290 peregrinitas,
1150 1223 1236 1266 nunc

237 1349 316 1394 vero
336 1327 436 1391 etiam
455 1327 609 1392 braccatis
630 1339 664 1389 et
686 1324 888 1408 transalpinis
900 1322 1094 1399 nationibus,
1120 1335 1160 1387 ut
1169 1323 1237 1386 nul·

235 1448 307 1508 lum
336 1444 450 1509 veteris
479 1443 596 1525 leporis
628 1442 800 1528 vestigium
828 1453 991 1524 appareat.
1007 1459 1024 1501 u
1072 1439 1237 1505 Praeterea

237 1583 314 1627 vero
338 1563 379 1627 ab
397 1562 532 1626 Horatio
554 1560 673 1626 dicitur
692 1571 866 1624 emunctae
878 1561 980 1623 naria
994 1560 1019 1635 ¹,
1044 1561 1137 1643 quod
1158 1571 1239 1624 recte

236 1681 395 1764 explicuit
432 1692 670 1745 commentator
709 1678 863 1742 collidere
902 1677 1063 1753 derisor,
1108 1680 1238 1743 addenti

240 1825 257 1867 <t
271 1799 326 1865 Sic
361 1823 379 1864 a
413 1802 577 1866 contrario
610 1799 778 1881 stupidum
808 1820 983 1862 macarem
1013 1797 1240 1872 nominamur,

237 1919 316 2002 quia
343 1939 409 1982 non
443 1919 506 1982 cito
528 1917 606 1982 vitia
634 1919 799 1981 odoratur.
813 1936 831 1975 t>
862 1914 1043 1979 Lambinus
1071 1934 1153 1980 raro
1181 1934 1242 1979 non

238 2039 346 2102 minus
377 2038 478 2102 bene:
512 2040 690 2126 sagaciter
726 2036 871 2100 odoram
912 2037 1098 2099 heminam·
1137 2046 1242 2100 maret

241 2170 273 2220 et
302 2156 432 2220 vitiat

283 2274 397 2358 Itaque
433 2275 467 2337 in
504 2275 677 2338 hominum
712 2275 857 2339 moribus
887 2273 1035 2358 vitiisque
1063 2274 1244 2362 detegendis

241 2415 346 2478 quum
378 2406 535 2477 promtus·
550 2391 670 2457 naturt
691 2405 770 2457 esset
792 2405 833 2457 et·
847 2414 942 2480 sagax
966 2393 1132 2470 Lucilius,
1158 2395 1245 2460 citius

240 2516 344 2578 deesse
366 2512 520 2577 materiae
544 2516 639 2595 poie'ta
660 2533 762 2597 quam
773 2512 826 2578 hic
838 2511 966 2578 destitui
978 2512 1118 2576 materia
1129 2512 1245 2597 potuit

239 2632 306 2698 Hic
328 2633 417 2698 enim
438 2633 474 2697 in
495 2633 691 2717 memoriam
713 2653 827 2696 eorum
849 2632 1008 2708 redimus,
1032 2652 1128 2717 quae·
1141 2654 1245 2717 snpra,

240 2773 307 2836 quo
326 2752 428 2838 magis
448 2763 574 2835 pateret
599 2765 697 2837 atque
721 2752 947 2820 aestimaretur
970 2753 1039 2836 ejus
1053 2751 1181 2829 virtus,
1210 2755 1247 2817 de

241 2870 351 2933 aetatis
391 2890 456 2952 qna
486 2870 597 2933 floruit
633 2870 715 2934 vitiis
741 2868 1042 2934 animadvertimus,
1097 2867 1248 2953 Quorum

243 3006 416 3061 memores,
433 2985 508 3049 alias
528 2985 652 3071 ingenii
669 2986 776 3050 dicam
796 3008 838 3050 en
855 2983 958 3048 animi
978 2986 1067 3049 dotes
1075 3007 1251 3072 perseque-

247 3124 335 3168 mur.
360 3102 618 3167 Libertatemin
633 3125 671 3168 eo
694 3101 995 3188 Quintilianus3
1018 3103 1251 3184 laudarit3in·

247 3401 325 3447 tura.
341 3390 384 3456 11,
405 3408 422 3441 2
446 3388 692 3443 testivitatem
709 3392 768 3459 ejus
784 3391 885 3445 laudat.
903 3393 946 3444 De
965 3411 1017 3462 qua
1036 3411 1103 3448 rote
1120 3395 1167 3446 eff.
1185 3413 1252 3464 quae

246 3493 429 3554 exposuerunt
449 3486 616 3540 Wielaml
629 3492 699 3541 Hor.
721 3490 782 3542 Sat.
800 3489 925 3562 1,p.141
945 3497 1030 3555 nota,
1048 3493 1084 3542 Μ
1094 3509 1197 3543 anre
1222 3491 1250 3544 in

254 3586 374 3639 Nacta.
391 3604 417 3638 z.
444 3584 541 3638 Sulzer
559 3583 599 3636 lV
619 3601 648 3652 p·
666 3584 728 3640 430·

285 3698 297 3734 1
339 3685 400 3734 Sat.
420 3681 446 3745 1,
466 3680 495 3745 t,
515 3699 540 3751 7.

287 3798 304 3833 2
336 3780 486 3832 Jacobs
508 3783 537 3834 V
536 3799 602 3834 eren·
623 3781 701 3834 ectr.
719 3779 759 3846 V,
778 3783 828 3853 239
845 3789 920 3836 recte
937 3783 1057 3836 conferri
1072 3787 1252 3857 jubet-Epod.

253 3876 543 3944 12,3,4ubinaria
563 3877 662 3932 aberae
686 3879 745 3950 ipre
761 3882 844 3949 polita
867 3882 1000 3953 sagacius
1026 3884 1144 3938 odorari
1164 3885 1253 3939 inter·

251 3981 385 4048 pretatur·

286 4075 305 4126 ἔ
