<?xml version="1.0" encoding="UTF-8"?>
<!DOCTYPE html PUBLIC "-//W3C//DTD XHTML 1.0 Transitional//EN"
    "http://www.w3.org/TR/xhtml1/DTD/xhtml1-transitional.dtd">
<html xmlns="http://www.w3.org/1999/xhtml" xml:lang="en" lang="en">
 <head>
  <title>
</title>
<meta http-equiv="Content-Type" content="text/html;charset=utf-8" />
  <meta name='ocr-system' content='tesseract 3.04.00' />
  <meta name='ocr-capabilities' content='ocr_page ocr_carea ocr_par ocr_line ocrx_word'/>
</head>
<body>
  <div class='ocr_page' id='page_1' title='image "./studiacriticain00heusgoog_0091.png"; bbox 0 0 2580 4756; ppageno 0'>
   <div class='ocr_carea' id='block_1_1' title="bbox 617 339 660 402">
    <p class='ocr_par' dir='ltr' id='par_1_1' title="bbox 617 339 660 402">
     <span class='ocr_line' id='line_1_1' title="bbox 617 339 660 402; baseline 0.047 -2"><span class='ocrx_word' id='word_1_1' title='bbox 617 339 660 402; x_wconf 79' lang='lat'><strong>80</strong></span> 
     </span>
    </p>
   </div>
   <div class='ocr_carea' id='block_1_2' title="bbox 134 511 1138 3100">
    <p class='ocr_par' dir='ltr' id='par_1_2' title="bbox 138 511 1137 724">
     <span class='ocr_line' id='line_1_2' title="bbox 138 511 1137 603; baseline 0.003 -19"><span class='ocrx_word' id='word_1_2' title='bbox 138 520 247 595; x_wconf 81' lang='lat' dir='ltr'><strong>veuit,</strong></span> <span class='ocrx_word' id='word_1_3' title='bbox 271 530 356 582; x_wconf 87' lang='lat' dir='ltr'><strong>certe</strong></span> <span class='ocrx_word' id='word_1_4' title='bbox 379 511 491 583; x_wconf 85' lang='lat' dir='ltr'><strong>nactus</strong></span> <span class='ocrx_word' id='word_1_5' title='bbox 513 530 560 582; x_wconf 88' lang='lat' dir='ltr'><strong>est</strong></span> <span class='ocrx_word' id='word_1_6' title='bbox 582 519 859 603; x_wconf 80' lang='lat' dir='ltr'><strong>opportunitatem</strong></span> <span class='ocrx_word' id='word_1_7' title='bbox 871 517 1014 586; x_wconf 84' lang='lat' dir='ltr'><strong>Socratis</strong></span> <span class='ocrx_word' id='word_1_8' title='bbox 1025 533 1058 587; x_wconf 85' lang='lat' dir='ltr'><strong>et</strong></span> <span class='ocrx_word' id='word_1_9' title='bbox 1071 521 1137 587; x_wconf 86' lang='lat' dir='ltr'><strong>Pla·</strong></span> 
     </span>
     <span class='ocr_line' id='line_1_3' title="bbox 143 637 467 724; baseline 0 -21"><span class='ocrx_word' id='word_1_10' title='bbox 143 639 225 703; x_wconf 86' lang='lat' dir='ltr'><strong>tonis</strong></span> <span class='ocrx_word' id='word_1_11' title='bbox 245 637 467 724; x_wconf 77' lang='lat' dir='ltr'><strong>cognoscendi.</strong></span> 
     </span>
    </p>

    <p class='ocr_par' dir='ltr' id='par_1_3' title="bbox 134 755 1138 3100">
     <span class='ocr_line' id='line_1_4' title="bbox 182 755 1137 843; baseline 0 -19"><span class='ocrx_word' id='word_1_12' title='bbox 182 757 296 842; x_wconf 88' lang='lat' dir='ltr'><strong>Itaque</strong></span> <span class='ocrx_word' id='word_1_13' title='bbox 320 777 386 821; x_wconf 91' lang='lat' dir='ltr'><strong>non</strong></span> <span class='ocrx_word' id='word_1_14' title='bbox 402 757 483 820; x_wconf 89' lang='lat' dir='ltr'><strong>rude</strong></span> <span class='ocrx_word' id='word_1_15' title='bbox 500 768 533 820; x_wconf 90' lang='lat' dir='ltr'><strong>et</strong></span> <span class='ocrx_word' id='word_1_16' title='bbox 555 756 716 821; x_wconf 90' lang='lat' dir='ltr'><strong>incultum</strong></span> <span class='ocrx_word' id='word_1_17' title='bbox 742 755 856 821; x_wconf 81' lang='lat' dir='ltr'><strong>Lucilii</strong></span> <span class='ocrx_word' id='word_1_18' title='bbox 874 755 1045 843; x_wconf 83' lang='lat' dir='ltr'><strong>ingenium</strong></span> <span class='ocrx_word' id='word_1_19' title='bbox 1069 759 1137 836; x_wconf 84' lang='lat' dir='ltr'><strong>suit,</strong></span> 
     </span>
     <span class='ocr_line' id='line_1_5' title="bbox 137 871 1137 959; baseline 0.001 -17"><span class='ocrx_word' id='word_1_20' title='bbox 137 878 192 942; x_wconf 91' lang='lat' dir='ltr'><strong>sed</strong></span> <span class='ocrx_word' id='word_1_21' title='bbox 213 875 307 941; x_wconf 84' lang='lat' dir='ltr'><strong>variis</strong></span> <span class='ocrx_word' id='word_1_22' title='bbox 330 873 514 959; x_wconf 87' lang='lat' dir='ltr'><strong>disciplinae</strong></span> <span class='ocrx_word' id='word_1_23' title='bbox 534 874 680 940; x_wconf 87' lang='lat' dir='ltr'><strong>subsidiis</strong></span> <span class='ocrx_word' id='word_1_24' title='bbox 697 897 771 939; x_wconf 77' lang='lat' dir='ltr'><strong>asro</strong></span> <span class='ocrx_word' id='word_1_25' title='bbox 794 878 978 940; x_wconf 87' lang='lat' dir='ltr'><strong>formatum</strong></span> <span class='ocrx_word' id='word_1_26' title='bbox 1003 889 1036 942; x_wconf 92' lang='lat' dir='ltr'><strong>et</strong></span> <span class='ocrx_word' id='word_1_27' title='bbox 1050 871 1137 943; x_wconf 79' lang='lat' dir='ltr'><strong>erer-</strong></span> 
     </span>
     <span class='ocr_line' id='line_1_6' title="bbox 138 993 1137 1079; baseline 0.002 -19"><span class='ocrx_word' id='word_1_28' title='bbox 138 996 285 1061; x_wconf 89' lang='lat' dir='ltr'><strong>citatum.</strong></span> <span class='ocrx_word' id='word_1_29' title='bbox 330 993 380 1059; x_wconf 87' lang='lat' dir='ltr'><strong>Ex</strong></span> <span class='ocrx_word' id='word_1_30' title='bbox 402 995 460 1059; x_wconf 91' lang='lat' dir='ltr'><strong>illa</strong></span> <span class='ocrx_word' id='word_1_31' title='bbox 495 1006 605 1059; x_wconf 88' lang='lat' dir='ltr'><strong>autem</strong></span> <span class='ocrx_word' id='word_1_32' title='bbox 627 998 754 1077; x_wconf 68' lang='lat' dir='ltr'><strong>poeseos</strong></span> <span class='ocrx_word' id='word_1_33' title='bbox 772 1007 805 1059; x_wconf 88' lang='lat' dir='ltr'><strong>et</strong></span> <span class='ocrx_word' id='word_1_34' title='bbox 821 995 1045 1079; x_wconf 78' lang='lat' dir='ltr'><strong>philosophiae</strong></span> <span class='ocrx_word' id='word_1_35' title='bbox 1067 1017 1137 1062; x_wconf 89' lang='lat' dir='ltr'><strong>eon·</strong></span> 
     </span>
     <span class='ocr_line' id='line_1_7' title="bbox 135 1107 1136 1202; baseline 0.005 -23"><span class='ocrx_word' id='word_1_36' title='bbox 135 1115 303 1201; x_wconf 89' lang='lat' dir='ltr'><strong>junctione</strong></span> <span class='ocrx_word' id='word_1_37' title='bbox 330 1114 457 1202; x_wconf 73' lang='lat' dir='ltr'><strong>egregie</strong></span> <span class='ocrx_word' id='word_1_38' title='bbox 481 1115 552 1199; x_wconf 86' lang='lat' dir='ltr'><strong>jam</strong></span> <span class='ocrx_word' id='word_1_39' title='bbox 586 1116 626 1178; x_wconf 90' lang='lat' dir='ltr'><strong>de</strong></span> <span class='ocrx_word' id='word_1_40' title='bbox 657 1115 723 1199; x_wconf 87' lang='lat' dir='ltr'><strong>ejus</strong></span> <span class='ocrx_word' id='word_1_41' title='bbox 743 1114 831 1199; x_wconf 73' lang='lat' dir='ltr'><strong>poesi</strong></span> <span class='ocrx_word' id='word_1_42' title='bbox 850 1107 1038 1180; x_wconf 74' lang='lat' dir='ltr'><strong>eristimare</strong></span> <span class='ocrx_word' id='word_1_43' title='bbox 1056 1116 1136 1184; x_wconf 85' lang='lat' dir='ltr'><strong>licet.</strong></span> 
     </span>
     <span class='ocr_line' id='line_1_8' title="bbox 136 1233 1137 1320; baseline -0.003 -18"><span class='ocrx_word' id='word_1_44' title='bbox 136 1233 264 1303; x_wconf 86' lang='lat' dir='ltr'><strong>Verum</strong></span> <span class='ocrx_word' id='word_1_45' title='bbox 298 1233 465 1298; x_wconf 83' lang='lat' dir='ltr'><strong>audiamus</strong></span> <span class='ocrx_word' id='word_1_46' title='bbox 493 1253 557 1310; x_wconf 90' lang='lat' dir='ltr'><strong>eos,</strong></span> <span class='ocrx_word' id='word_1_47' title='bbox 582 1233 698 1320; x_wconf 90' lang='lat' dir='ltr'><strong>quide</strong></span> <span class='ocrx_word' id='word_1_48' title='bbox 727 1233 892 1298; x_wconf 90' lang='lat' dir='ltr'><strong>doctrinae</strong></span> <span class='ocrx_word' id='word_1_49' title='bbox 917 1235 986 1319; x_wconf 86' lang='lat' dir='ltr'><strong>ejus</strong></span> <span class='ocrx_word' id='word_1_50' title='bbox 1018 1236 1137 1301; x_wconf 87' lang='lat' dir='ltr'><strong>ratione</strong></span> 
     </span>
     <span class='ocr_line' id='line_1_9' title="bbox 138 1346 1137 1438; baseline -0.001 -18"><span class='ocrx_word' id='word_1_51' title='bbox 138 1353 317 1420; x_wconf 86' lang='lat' dir='ltr'><strong>memoriae</strong></span> <span class='ocrx_word' id='word_1_52' title='bbox 341 1352 565 1437; x_wconf 89' lang='lat' dir='ltr'><strong>prodiderunt.</strong></span> <span class='ocrx_word' id='word_1_53' title='bbox 611 1351 650 1417; x_wconf 92' lang='lat' dir='ltr'><strong>In</strong></span> <span class='ocrx_word' id='word_1_54' title='bbox 673 1352 791 1437; x_wconf 87' lang='lat' dir='ltr'><strong>quibus</strong></span> <span class='ocrx_word' id='word_1_55' title='bbox 813 1365 916 1418; x_wconf 89' lang='lat' dir='ltr'><strong>aetate</strong></span> <span class='ocrx_word' id='word_1_56' title='bbox 938 1346 1067 1438; x_wconf 83' lang='lat' dir='ltr'><strong>primus</strong></span> <span class='ocrx_word' id='word_1_57' title='bbox 1083 1353 1137 1422; x_wconf 87' lang='lat' dir='ltr'><strong>Ci-</strong></span> 
     </span>
     <span class='ocr_line' id='line_1_10' title="bbox 139 1470 1136 1560; baseline 0.002 -22"><span class='ocrx_word' id='word_1_58' title='bbox 139 1494 214 1538; x_wconf 90' lang='lat' dir='ltr'><strong>cero</strong></span> <span class='ocrx_word' id='word_1_59' title='bbox 256 1471 394 1536; x_wconf 83' lang='lat' dir='ltr'><strong>doctum</strong></span> <span class='ocrx_word' id='word_1_60' title='bbox 431 1492 508 1535; x_wconf 91' lang='lat' dir='ltr'><strong>eum</strong></span> <span class='ocrx_word' id='word_1_61' title='bbox 541 1470 717 1548; x_wconf 76' lang='lat' dir='ltr'><strong>vocavit1,</strong></span> <span class='ocrx_word' id='word_1_62' title='bbox 753 1491 819 1557; x_wconf 90' lang='lat' dir='ltr'><strong>quo</strong></span> <span class='ocrx_word' id='word_1_63' title='bbox 853 1473 1040 1540; x_wconf 86' lang='lat' dir='ltr'><strong>doctrinam</strong></span> <span class='ocrx_word' id='word_1_64' title='bbox 1073 1472 1136 1560; x_wconf 85' lang='lat' dir='ltr'><strong>ejus</strong></span> 
     </span>
     <span class='ocr_line' id='line_1_11' title="bbox 137 1591 1136 1679; baseline 0.001 -21"><span class='ocrx_word' id='word_1_65' title='bbox 137 1593 333 1678; x_wconf 75' lang='lat' dir='ltr'><strong>praedicasse</strong></span> <span class='ocrx_word' id='word_1_66' title='bbox 357 1603 389 1656; x_wconf 92' lang='lat' dir='ltr'><strong>et</strong></span> <span class='ocrx_word' id='word_1_67' title='bbox 412 1591 521 1677; x_wconf 83' lang='lat' dir='ltr'><strong>magni</strong></span> <span class='ocrx_word' id='word_1_68' title='bbox 543 1591 650 1656; x_wconf 88' lang='lat' dir='ltr'><strong>fecisse</strong></span> <span class='ocrx_word' id='word_1_69' title='bbox 668 1604 827 1659; x_wconf 89' lang='lat' dir='ltr'><strong>censetur.</strong></span> <span class='ocrx_word' id='word_1_70' title='bbox 871 1591 916 1658; x_wconf 82' lang='lat' dir='ltr'><strong>At</strong></span> <span class='ocrx_word' id='word_1_71' title='bbox 937 1592 1029 1659; x_wconf 91' lang='lat' dir='ltr'><strong>idem</strong></span> <span class='ocrx_word' id='word_1_72' title='bbox 1051 1606 1136 1679; x_wconf 85' lang='lat' dir='ltr'><strong>post-</strong></span> 
     </span>
     <span class='ocr_line' id='line_1_12' title="bbox 139 1709 1137 1793; baseline -0.002 -14"><span class='ocrx_word' id='word_1_73' title='bbox 139 1735 177 1779; x_wconf 89' lang='lat' dir='ltr'><strong>ea</strong></span> <span class='ocrx_word' id='word_1_74' title='bbox 209 1715 249 1778; x_wconf 87' lang='lat' dir='ltr'><strong>de</strong></span> <span class='ocrx_word' id='word_1_75' title='bbox 284 1712 399 1776; x_wconf 89' lang='lat' dir='ltr'><strong>eodem</strong></span> <span class='ocrx_word' id='word_1_76' title='bbox 420 1713 580 1786; x_wconf 85' lang='lat' dir='ltr'><strong>referens,</strong></span> <span class='ocrx_word' id='word_1_77' title='bbox 604 1709 692 1793; x_wconf 89' lang='lat' dir='ltr'><strong>prius</strong></span> <span class='ocrx_word' id='word_1_78' title='bbox 712 1709 873 1793; x_wconf 88' lang='lat' dir='ltr'><strong>judicium</strong></span> <span class='ocrx_word' id='word_1_79' title='bbox 896 1711 1027 1779; x_wconf 84' lang='lat' dir='ltr'><strong>videtur</strong></span> <span class='ocrx_word' id='word_1_80' title='bbox 1049 1732 1137 1778; x_wconf 78' lang='lat' dir='ltr'><strong>reso·</strong></span> 
     </span>
     <span class='ocr_line' id='line_1_13' title="bbox 137 1826 1136 1904; baseline -0.001 -7"><span class='ocrx_word' id='word_1_81' title='bbox 137 1853 230 1898; x_wconf 81' lang='lat' dir='ltr'><strong>casse.</strong></span> <span class='ocrx_word' id='word_1_82' title='bbox 275 1828 395 1896; x_wconf 88' lang='lat' dir='ltr'><strong>Scribit</strong></span> <span class='ocrx_word' id='word_1_83' title='bbox 431 1828 540 1904; x_wconf 90' lang='lat' dir='ltr'><strong>enim,</strong></span> <span class='ocrx_word' id='word_1_84' title='bbox 575 1848 642 1892; x_wconf 91' lang='lat' dir='ltr'><strong>non</strong></span> <span class='ocrx_word' id='word_1_85' title='bbox 672 1840 742 1893; x_wconf 87' lang='lat' dir='ltr'><strong>tarn</strong></span> <span class='ocrx_word' id='word_1_86' title='bbox 764 1829 873 1892; x_wconf 89' lang='lat' dir='ltr'><strong>doctos</strong></span> <span class='ocrx_word' id='word_1_87' title='bbox 899 1826 1017 1896; x_wconf 89' lang='lat' dir='ltr'><strong>Lucilii</strong></span> <span class='ocrx_word' id='word_1_88' title='bbox 1039 1843 1136 1898; x_wconf 86' lang='lat' dir='ltr'><strong>aetate</strong></span> 
     </span>
     <span class='ocr_line' id='line_1_14' title="bbox 139 1945 1135 2034; baseline -0.002 -20"><span class='ocrx_word' id='word_1_89' title='bbox 139 1950 251 2025; x_wconf 87' lang='lat' dir='ltr'><strong>fuisse,</strong></span> <span class='ocrx_word' id='word_1_90' title='bbox 275 1949 317 2012; x_wconf 89' lang='lat' dir='ltr'><strong>ad</strong></span> <span class='ocrx_word' id='word_1_91' title='bbox 339 1967 481 2033; x_wconf 88' lang='lat' dir='ltr'><strong>quorum</strong></span> <span class='ocrx_word' id='word_1_92' title='bbox 509 1945 562 2010; x_wconf 89' lang='lat' dir='ltr'><strong>ille</strong></span> <span class='ocrx_word' id='word_1_93' title='bbox 577 1945 740 2030; x_wconf 89' lang='lat' dir='ltr'><strong>judicium</strong></span> <span class='ocrx_word' id='word_1_94' title='bbox 758 1945 960 2022; x_wconf 87' lang='lat' dir='ltr'><strong>elaboraret,</strong></span> <span class='ocrx_word' id='word_1_95' title='bbox 985 1948 1135 2034; x_wconf 87' lang='lat' dir='ltr'><strong>additque</strong></span> 
     </span>
     <span class='ocr_line' id='line_1_15' title="bbox 135 2063 1135 2151; baseline -0.001 -18"><span class='ocrx_word' id='word_1_96' title='bbox 135 2068 255 2150; x_wconf 90' lang='lat' dir='ltr'><strong>scripta</strong></span> <span class='ocrx_word' id='word_1_97' title='bbox 276 2069 344 2151; x_wconf 89' lang='lat' dir='ltr'><strong>ejus</strong></span> <span class='ocrx_word' id='word_1_98' title='bbox 360 2085 425 2128; x_wconf 85' lang='lat' dir='ltr'><strong>esse</strong></span> <span class='ocrx_word' id='word_1_99' title='bbox 445 2064 582 2141; x_wconf 87' lang='lat' dir='ltr'><strong>leviora,</strong></span> <span class='ocrx_word' id='word_1_100' title='bbox 606 2077 644 2128; x_wconf 92' lang='lat' dir='ltr'><strong>ut</strong></span> <span class='ocrx_word' id='word_1_101' title='bbox 656 2063 819 2129; x_wconf 88' lang='lat' dir='ltr'><strong>urbanitas</strong></span> <span class='ocrx_word' id='word_1_102' title='bbox 834 2085 966 2129; x_wconf 90' lang='lat' dir='ltr'><strong>summa</strong></span> <span class='ocrx_word' id='word_1_103' title='bbox 974 2079 1135 2150; x_wconf 82' lang='lat' dir='ltr'><strong>appareat,</strong></span> 
     </span>
     <span class='ocr_line' id='line_1_16' title="bbox 138 2180 1129 2262; baseline 0.001 -13"><span class='ocrx_word' id='word_1_104' title='bbox 138 2185 299 2249; x_wconf 82' lang='lat' dir='ltr'><strong>doctrina</strong></span> <span class='ocrx_word' id='word_1_105' title='bbox 332 2180 554 2247; x_wconf 55' lang='lat' dir='ltr'><strong>medianifl.</strong></span> <span class='ocrx_word' id='word_1_106' title='bbox 606 2181 725 2246; x_wconf 85' lang='lat' dir='ltr'><strong>Putant</strong></span> <span class='ocrx_word' id='word_1_107' title='bbox 753 2182 877 2246; x_wconf 87' lang='lat' dir='ltr'><strong>detrahi</strong></span> <span class='ocrx_word' id='word_1_108' title='bbox 908 2180 966 2247; x_wconf 86' lang='lat' dir='ltr'><strong>hic</strong></span> <span class='ocrx_word' id='word_1_109' title='bbox 986 2183 1129 2262; x_wconf 88' lang='lat' dir='ltr'><strong>Lucilio,</strong></span> 
     </span>
     <span class='ocr_line' id='line_1_17' title="bbox 137 2299 1128 2389; baseline -0.001 -19"><span class='ocrx_word' id='word_1_110' title='bbox 137 2317 224 2370; x_wconf 87' lang='lat' dir='ltr'><strong>certe</strong></span> <span class='ocrx_word' id='word_1_111' title='bbox 254 2301 358 2366; x_wconf 89' lang='lat' dir='ltr'><strong>minui</strong></span> <span class='ocrx_word' id='word_1_112' title='bbox 381 2320 579 2386; x_wconf 77' lang='lat' dir='ltr'><strong>magnopere</strong></span> <span class='ocrx_word' id='word_1_113' title='bbox 605 2301 671 2384; x_wconf 86' lang='lat' dir='ltr'><strong>ejus</strong></span> <span class='ocrx_word' id='word_1_114' title='bbox 700 2299 800 2364; x_wconf 88' lang='lat' dir='ltr'><strong>laudis</strong></span> <span class='ocrx_word' id='word_1_115' title='bbox 824 2299 1031 2384; x_wconf 89' lang='lat' dir='ltr'><strong>opinionem,</strong></span> <span class='ocrx_word' id='word_1_116' title='bbox 1066 2326 1128 2389; x_wconf 87' lang='lat' dir='ltr'><strong>qua</strong></span> 
     </span>
     <span class='ocr_line' id='line_1_18' title="bbox 138 2416 1136 2503; baseline -0.001 -14"><span class='ocrx_word' id='word_1_117' title='bbox 138 2423 316 2491; x_wconf 90' lang='lat' dir='ltr'><strong>celebratus</strong></span> <span class='ocrx_word' id='word_1_118' title='bbox 345 2424 462 2484; x_wconf 87' lang='lat' dir='ltr'><strong>fuerat.</strong></span> <span class='ocrx_word' id='word_1_119' title='bbox 506 2416 720 2503; x_wconf 87' lang='lat' dir='ltr'><strong>Nequaquam</strong></span> <span class='ocrx_word' id='word_1_120' title='bbox 744 2430 855 2483; x_wconf 91' lang='lat' dir='ltr'><strong>tamen</strong></span> <span class='ocrx_word' id='word_1_121' title='bbox 877 2420 1016 2486; x_wconf 83' lang='lat' dir='ltr'><strong>levitatis</strong></span> <span class='ocrx_word' id='word_1_122' title='bbox 1041 2444 1136 2488; x_wconf 91' lang='lat' dir='ltr'><strong>accu-</strong></span> 
     </span>
     <span class='ocr_line' id='line_1_19' title="bbox 134 2537 1136 2608; baseline -0.001 0"><span class='ocrx_word' id='word_1_123' title='bbox 134 2545 273 2608; x_wconf 91' lang='lat' dir='ltr'><strong>sandum</strong></span> <span class='ocrx_word' id='word_1_124' title='bbox 282 2561 347 2606; x_wconf 85' lang='lat' dir='ltr'><strong>esse</strong></span> <span class='ocrx_word' id='word_1_125' title='bbox 358 2537 547 2605; x_wconf 87' lang='lat' dir='ltr'><strong>Ciceronem</strong></span> <span class='ocrx_word' id='word_1_126' title='bbox 557 2537 863 2603; x_wconf 86' lang='lat' dir='ltr'><strong>animadvertamus.</strong></span> <span class='ocrx_word' id='word_1_127' title='bbox 877 2539 1010 2603; x_wconf 90' lang='lat' dir='ltr'><strong>Etenim</strong></span> <span class='ocrx_word' id='word_1_128' title='bbox 1020 2539 1136 2607; x_wconf 78' lang='lat' dir='ltr'><strong>doctus</strong></span> 
     </span>
     <span class='ocr_line' id='line_1_20' title="bbox 136 2654 1137 2741; baseline -0.003 -13"><span class='ocrx_word' id='word_1_129' title='bbox 136 2684 202 2728; x_wconf 90' lang='lat' dir='ltr'><strong>non</strong></span> <span class='ocrx_word' id='word_1_130' title='bbox 225 2684 245 2726; x_wconf 92' lang='lat' dir='ltr'><strong>a</strong></span> <span class='ocrx_word' id='word_1_131' title='bbox 268 2658 424 2726; x_wconf 89' lang='lat' dir='ltr'><strong>Cicerone</strong></span> <span class='ocrx_word' id='word_1_132' title='bbox 451 2670 610 2733; x_wconf 84' lang='lat' dir='ltr'><strong>vocatur,</strong></span> <span class='ocrx_word' id='word_1_133' title='bbox 634 2657 690 2721; x_wconf 86' lang='lat' dir='ltr'><strong>sed</strong></span> <span class='ocrx_word' id='word_1_134' title='bbox 718 2655 898 2741; x_wconf 79' lang='lat' dir='ltr'><strong>altaequali</strong></span> <span class='ocrx_word' id='word_1_135' title='bbox 920 2654 1036 2723; x_wconf 83' lang='lat' dir='ltr'><strong>Crasso</strong></span> <span class='ocrx_word' id='word_1_136' title='bbox 1061 2662 1137 2725; x_wconf 90' lang='lat' dir='ltr'><strong>haec</strong></span> 
     </span>
     <span class='ocr_line' id='line_1_21' title="bbox 136 2775 1138 2864; baseline 0 -19"><span class='ocrx_word' id='word_1_137' title='bbox 136 2783 164 2845; x_wconf 90' lang='lat' dir='ltr'><strong>ei</strong></span> <span class='ocrx_word' id='word_1_138' title='bbox 199 2783 266 2846; x_wconf 90' lang='lat' dir='ltr'><strong>laus</strong></span> <span class='ocrx_word' id='word_1_139' title='bbox 296 2781 384 2864; x_wconf 91' lang='lat' dir='ltr'><strong>apud</strong></span> <span class='ocrx_word' id='word_1_140' title='bbox 417 2775 608 2844; x_wconf 85' lang='lat' dir='ltr'><strong>Ciceronem</strong></span> <span class='ocrx_word' id='word_1_141' title='bbox 646 2776 851 2850; x_wconf 87' lang='lat' dir='ltr'><strong>conceditur,</strong></span> <span class='ocrx_word' id='word_1_142' title='bbox 884 2798 1024 2861; x_wconf 88' lang='lat' dir='ltr'><strong>eamque</strong></span> <span class='ocrx_word' id='word_1_143' title='bbox 1048 2779 1138 2844; x_wconf 82' lang='lat' dir='ltr'><strong>nobis</strong></span> 
     </span>
     <span class='ocr_line' id='line_1_22' title="bbox 136 2895 1134 2983; baseline -0.001 -20"><span class='ocrx_word' id='word_1_144' title='bbox 136 2901 294 2983; x_wconf 86' lang='lat' dir='ltr'><strong>majorem</strong></span> <span class='ocrx_word' id='word_1_145' title='bbox 329 2898 469 2982; x_wconf 86' lang='lat' dir='ltr'><strong>fingere,</strong></span> <span class='ocrx_word' id='word_1_146' title='bbox 502 2918 603 2980; x_wconf 89' lang='lat' dir='ltr'><strong>quam</strong></span> <span class='ocrx_word' id='word_1_147' title='bbox 638 2895 721 2960; x_wconf 88' lang='lat' dir='ltr'><strong>illius</strong></span> <span class='ocrx_word' id='word_1_148' title='bbox 755 2895 838 2959; x_wconf 89' lang='lat' dir='ltr'><strong>ratio</strong></span> <span class='ocrx_word' id='word_1_149' title='bbox 869 2897 979 2961; x_wconf 87' lang='lat' dir='ltr'><strong>aetatis</strong></span> <span class='ocrx_word' id='word_1_150' title='bbox 990 2897 1134 2980; x_wconf 88' lang='lat' dir='ltr'><strong>patitur,</strong></span> 
     </span>
     <span class='ocr_line' id='line_1_23' title="bbox 141 3012 1137 3100; baseline 0.001 -20"><span class='ocrx_word' id='word_1_151' title='bbox 141 3038 246 3100; x_wconf 87' lang='lat' dir='ltr'><strong>nequo</strong></span> <span class='ocrx_word' id='word_1_152' title='bbox 267 3037 347 3097; x_wconf 92' lang='lat' dir='ltr'><strong>opus</strong></span> <span class='ocrx_word' id='word_1_153' title='bbox 371 3026 417 3077; x_wconf 87' lang='lat' dir='ltr'><strong>est</strong></span> <span class='ocrx_word' id='word_1_154' title='bbox 439 3034 499 3076; x_wconf 90' lang='lat' dir='ltr'><strong>nec</strong></span> <span class='ocrx_word' id='word_1_155' title='bbox 520 3013 604 3078; x_wconf 85' lang='lat' dir='ltr'><strong>licet.</strong></span> <span class='ocrx_word' id='word_1_156' title='bbox 649 3012 856 3077; x_wconf 80' lang='lat' dir='ltr'><strong>Mediocrem</strong></span> <span class='ocrx_word' id='word_1_157' title='bbox 879 3037 943 3078; x_wconf 86' lang='lat' dir='ltr'><strong>esse</strong></span> <span class='ocrx_word' id='word_1_158' title='bbox 954 3037 1015 3079; x_wconf 89' lang='lat' dir='ltr'><strong>nec</strong></span> <span class='ocrx_word' id='word_1_159' title='bbox 1026 3019 1137 3094; x_wconf 88' lang='lat' dir='ltr'><strong>talem,</strong></span> 
     </span>
    </p>
   </div>
   <div class='ocr_carea' id='block_1_3' title="bbox 135 3128 1141 3340">
    <p class='ocr_par' dir='ltr' id='par_1_4' title="bbox 135 3128 1141 3340">
     <span class='ocr_line' id='line_1_24' title="bbox 137 3128 1141 3220; baseline 0.002 -22"><span class='ocrx_word' id='word_1_160' title='bbox 137 3135 240 3220; x_wconf 89' lang='lat' dir='ltr'><strong>qualis</strong></span> <span class='ocrx_word' id='word_1_161' title='bbox 271 3128 347 3197; x_wconf 87' lang='lat' dir='ltr'><strong>cuin</strong></span> <span class='ocrx_word' id='word_1_162' title='bbox 365 3151 440 3195; x_wconf 85' lang='lat' dir='ltr'><strong>suae</strong></span> <span class='ocrx_word' id='word_1_163' title='bbox 471 3130 581 3195; x_wconf 88' lang='lat' dir='ltr'><strong>aetatis</strong></span> <span class='ocrx_word' id='word_1_164' title='bbox 613 3130 762 3194; x_wconf 89' lang='lat' dir='ltr'><strong>ubertate</strong></span> <span class='ocrx_word' id='word_1_165' title='bbox 793 3144 826 3195; x_wconf 89' lang='lat' dir='ltr'><strong>et</strong></span> <span class='ocrx_word' id='word_1_166' title='bbox 846 3133 937 3216; x_wconf 86' lang='lat' dir='ltr'><strong>copia</strong></span> <span class='ocrx_word' id='word_1_167' title='bbox 958 3137 1141 3218; x_wconf 89' lang='lat' dir='ltr'><strong>comparari</strong></span> 
     </span>
     <span class='ocr_line' id='line_1_25' title="bbox 135 3246 1138 3340; baseline 0.001 -24"><span class='ocrx_word' id='word_1_168' title='bbox 135 3253 255 3340; x_wconf 79' lang='lat' dir='ltr'><strong>possit.</strong></span> <span class='ocrx_word' id='word_1_169' title='bbox 279 3248 393 3316; x_wconf 89' lang='lat' dir='ltr'><strong>Cicero</strong></span> <span class='ocrx_word' id='word_1_170' title='bbox 412 3246 479 3330; x_wconf 88' lang='lat' dir='ltr'><strong>ipse</strong></span> <span class='ocrx_word' id='word_1_171' title='bbox 499 3247 605 3313; x_wconf 87' lang='lat' dir='ltr'><strong>verbis</strong></span> <span class='ocrx_word' id='word_1_172' title='bbox 626 3247 688 3312; x_wconf 87' lang='lat' dir='ltr'><strong>suis</strong></span> <span class='ocrx_word' id='word_1_173' title='bbox 711 3249 885 3331; x_wconf 87' lang='lat' dir='ltr'><strong>profitetur</strong></span> <span class='ocrx_word' id='word_1_174' title='bbox 898 3250 924 3316; x_wconf 78' lang='grc'><strong>3.</strong></span> <span class='ocrx_word' id='word_1_175' title='bbox 971 3248 1057 3331; x_wconf 88' lang='lat' dir='ltr'><strong>Sed,</strong></span> <span class='ocrx_word' id='word_1_176' title='bbox 1083 3253 1138 3338; x_wconf 91' lang='lat' dir='ltr'><strong>qui</strong></span> 
     </span>
    </p>
   </div>
   <div class='ocr_carea' id='block_1_4' title="bbox 133 3463 408 3477">
    <p class='ocr_par' dir='ltr' id='par_1_5' title="bbox 133 3463 408 3477">
     <span class='ocr_line' id='line_1_26' title="bbox 133 3463 408 3477; baseline -0.022 -1"><span class='ocrx_word' id='word_1_177' title='bbox 133 3463 408 3477; x_wconf 71' lang='grc'><strong>-,----..-.--</strong></span> 
     </span>
    </p>
   </div>
   <div class='ocr_carea' id='block_1_5' title="bbox 136 3560 1144 4111">
    <p class='ocr_par' dir='ltr' id='par_1_6' title="bbox 170 3560 722 3634">
     <span class='ocr_line' id='line_1_27' title="bbox 170 3560 722 3634; baseline -0.014 -13"><span class='ocrx_word' id='word_1_178' title='bbox 170 3585 181 3621; x_wconf 86' lang='grc' dir='ltr'><strong>ι</strong></span> <span class='ocrx_word' id='word_1_179' title='bbox 220 3572 263 3619; x_wconf 80' lang='lat' dir='ltr'><strong>De</strong></span> <span class='ocrx_word' id='word_1_180' title='bbox 282 3571 363 3620; x_wconf 85' lang='lat' dir='ltr'><strong>Orat.</strong></span> <span class='ocrx_word' id='word_1_181' title='bbox 385 3565 410 3629; x_wconf 84' lang='lat'><strong>1,</strong></span> <span class='ocrx_word' id='word_1_182' title='bbox 431 3563 475 3629; x_wconf 82' lang='lat'><strong>16,</strong></span> <span class='ocrx_word' id='word_1_183' title='bbox 495 3580 538 3634; x_wconf 83' lang='lat'><strong>7²·</strong></span> <span class='ocrx_word' id='word_1_184' title='bbox 567 3563 607 3627; x_wconf 89' lang='lat'><strong>11,</strong></span> <span class='ocrx_word' id='word_1_185' title='bbox 626 3563 659 3625; x_wconf 85' lang='lat'><strong>6,</strong></span> <span class='ocrx_word' id='word_1_186' title='bbox 680 3560 722 3616; x_wconf 86' lang='lat'><strong>25.</strong></span> 
     </span>
    </p>

    <p class='ocr_par' dir='ltr' id='par_1_7' title="bbox 169 3663 483 3732">
     <span class='ocr_line' id='line_1_28' title="bbox 169 3663 483 3732; baseline -0.016 -14"><span class='ocrx_word' id='word_1_187' title='bbox 169 3683 185 3718; x_wconf 68' lang='grc' dir='ltr'>α</span> <span class='ocrx_word' id='word_1_188' title='bbox 220 3669 262 3715; x_wconf 81' lang='lat' dir='ltr'><strong>De</strong></span> <span class='ocrx_word' id='word_1_189' title='bbox 280 3667 346 3717; x_wconf 82' lang='lat' dir='ltr'><strong>Fin.</strong></span> <span class='ocrx_word' id='word_1_190' title='bbox 367 3665 392 3725; x_wconf 87' lang='grc' dir='ltr'><strong>Ι,</strong></span> <span class='ocrx_word' id='word_1_191' title='bbox 412 3663 439 3724; x_wconf 79' lang='grc'><strong>5,</strong></span> <span class='ocrx_word' id='word_1_192' title='bbox 457 3680 483 3732; x_wconf 79' lang='lat'><strong>7.</strong></span> 
     </span>
    </p>

    <p class='ocr_par' dir='ltr' id='par_1_8' title="bbox 136 3755 1144 4111">
     <span class='ocr_line' id='line_1_29' title="bbox 169 3755 1144 3828; baseline -0.012 -13"><span class='ocrx_word' id='word_1_193' title='bbox 169 3765 185 3814; x_wconf 76' lang='grc'>5</span> <span class='ocrx_word' id='word_1_194' title='bbox 222 3762 296 3814; x_wconf 84' lang='lat' dir='ltr'><strong>ldem</strong></span> <span class='ocrx_word' id='word_1_195' title='bbox 323 3760 401 3813; x_wconf 83' lang='lat' dir='ltr'><strong>video</strong></span> <span class='ocrx_word' id='word_1_196' title='bbox 427 3763 481 3828; x_wconf 84' lang='lat' dir='ltr'><strong>jam</strong></span> <span class='ocrx_word' id='word_1_197' title='bbox 507 3755 638 3825; x_wconf 74' lang='lat' dir='ltr'><strong>placuisse</strong></span> <span class='ocrx_word' id='word_1_198' title='bbox 661 3762 693 3811; x_wconf 85' lang='lat' dir='ltr'><strong>G.</strong></span> <span class='ocrx_word' id='word_1_199' title='bbox 712 3758 748 3808; x_wconf 83' lang='lat' dir='ltr'><strong>E.</strong></span> <span class='ocrx_word' id='word_1_200' title='bbox 764 3757 800 3806; x_wconf 83' lang='lat' dir='ltr'><em>M</em></span> <span class='ocrx_word' id='word_1_201' title='bbox 806 3755 846 3812; x_wconf 71' lang='lat' dir='ltr'><strong>ol</strong></span> <span class='ocrx_word' id='word_1_202' title='bbox 855 3755 868 3806; x_wconf 94' lang='lat' dir='ltr'><strong>l</strong></span> <span class='ocrx_word' id='word_1_203' title='bbox 877 3775 945 3807; x_wconf 84' lang='lat' dir='ltr'><strong>ero</strong></span> <span class='ocrx_word' id='word_1_204' title='bbox 965 3757 1053 3824; x_wconf 71' lang='lat' dir='ltr'><strong>(Hirr.</strong></span> <span class='ocrx_word' id='word_1_205' title='bbox 1075 3761 1144 3815; x_wconf 34' lang='lat' dir='ltr'><strong>crit«</strong></span> 
     </span>
     <span class='ocr_line' id='line_1_30' title="bbox 136 3853 1139 3923; baseline -0.012 -9"><span class='ocrx_word' id='word_1_206' title='bbox 136 3863 215 3914; x_wconf 77' lang='lat' dir='ltr'><strong>Einl.</strong></span> <span class='ocrx_word' id='word_1_207' title='bbox 241 3880 292 3911; x_wconf 77' lang='lat' dir='ltr'><strong>zur</strong></span> <span class='ocrx_word' id='word_1_208' title='bbox 319 3862 445 3910; x_wconf 79' lang='lat' dir='ltr'><strong>Kenntn.</strong></span> <span class='ocrx_word' id='word_1_209' title='bbox 471 3858 519 3908; x_wconf 83' lang='lat' dir='ltr'><strong>der</strong></span> <span class='ocrx_word' id='word_1_210' title='bbox 546 3855 600 3906; x_wconf 81' lang='lat' dir='ltr'><strong>alt.</strong></span> <span class='ocrx_word' id='word_1_211' title='bbox 617 3854 673 3907; x_wconf 84' lang='lat' dir='ltr'><strong>lat.</strong></span> <span class='ocrx_word' id='word_1_212' title='bbox 693 3853 910 3923; x_wconf 75' lang='lat' dir='ltr'><strong>Schriftsteller)</strong></span> <span class='ocrx_word' id='word_1_213' title='bbox 932 3853 956 3915; x_wconf 86' lang='lat' dir='ltr'><strong>I,</strong></span> <span class='ocrx_word' id='word_1_214' title='bbox 976 3854 1038 3907; x_wconf 73' lang='lat'><strong>416.</strong></span> <span class='ocrx_word' id='word_1_215' title='bbox 1075 3855 1139 3908; x_wconf 83' lang='lat' dir='ltr'><strong>Non</strong></span> 
     </span>
     <span class='ocr_line' id='line_1_31' title="bbox 137 3949 1138 4024; baseline -0.008 -11"><span class='ocrx_word' id='word_1_216' title='bbox 137 3961 299 4012; x_wconf 79' lang='lat' dir='ltr'><strong>distinxerat</strong></span> <span class='ocrx_word' id='word_1_217' title='bbox 319 3957 473 4024; x_wconf 82' lang='lat' dir='ltr'><strong>Bayliu</strong></span> <span class='ocrx_word' id='word_1_218' title='bbox 487 3973 501 4003; x_wconf 85' lang='lat' dir='ltr'><strong>s</strong></span> <span class='ocrx_word' id='word_1_219' title='bbox 517 3971 543 4006; x_wconf 86' lang='lat' dir='ltr'><strong>v.</strong></span> <span class='ocrx_word' id='word_1_220' title='bbox 563 3949 711 4002; x_wconf 80' lang='lat' dir='ltr'><strong>Lucile</strong></span> <span class='ocrx_word' id='word_1_221' title='bbox 729 3968 755 4015; x_wconf 87' lang='lat' dir='ltr'><strong>p.</strong></span> <span class='ocrx_word' id='word_1_222' title='bbox 774 3967 821 4000; x_wconf 80' lang='lat'><strong>201</strong></span> <span class='ocrx_word' id='word_1_223' title='bbox 845 3949 884 4018; x_wconf 85' lang='lat' dir='ltr'><strong>(i)</strong></span> <span class='ocrx_word' id='word_1_224' title='bbox 906 3951 977 4001; x_wconf 84' lang='lat' dir='ltr'><strong>inter</strong></span> <span class='ocrx_word' id='word_1_225' title='bbox 998 3955 1094 4006; x_wconf 81' lang='lat' dir='ltr'><strong>Crassi</strong></span> <span class='ocrx_word' id='word_1_226' title='bbox 1111 3961 1138 4019; x_wconf 77' lang='lat' dir='ltr'><strong>ct</strong></span> 
     </span>
     <span class='ocr_line' id='line_1_32' title="bbox 139 4026 1133 4111; baseline -0.01 0"><span class='ocrx_word' id='word_1_227' title='bbox 139 4059 278 4111; x_wconf 82' lang='lat' dir='ltr'><strong>Ciceronis</strong></span> <span class='ocrx_word' id='word_1_228' title='bbox 301 4053 468 4104; x_wconf 85' lang='lat' dir='ltr'><strong>senteutiam.</strong></span> <span class='ocrx_word' id='word_1_229' title='bbox 516 4050 606 4100; x_wconf 81' lang='lat' dir='ltr'><strong>Etiam</strong></span> <span class='ocrx_word' id='word_1_230' title='bbox 624 4047 808 4098; x_wconf 84' lang='lat' dir='ltr'><strong>Catonem</strong></span> <span class='ocrx_word' id='word_1_231' title='bbox 829 4045 927 4100; x_wconf 84' lang='lat' dir='ltr'><strong>Cicero</strong></span> <span class='ocrx_word' id='word_1_232' title='bbox 952 4026 1133 4107; x_wconf 76' lang='lat' dir='ltr'><strong>fortissimum</strong></span> 
     </span>
    </p>
   </div>
   <div class='ocr_carea' id='block_1_6' title="bbox 139 4146 1065 4219">
    <p class='ocr_par' dir='ltr' id='par_1_9' title="bbox 139 4146 1065 4219">
     <span class='ocr_line' id='line_1_33' title="bbox 139 4146 1065 4219; baseline -0.01 -13"><span class='ocrx_word' id='word_1_233' title='bbox 139 4157 227 4210; x_wconf 77' lang='lat' dir='ltr'><strong>virum</strong></span> <span class='ocrx_word' id='word_1_234' title='bbox 247 4161 273 4202; x_wconf 89' lang='lat' dir='ltr'><strong>st</strong></span> <span class='ocrx_word' id='word_1_235' title='bbox 291 4152 351 4203; x_wconf 77' lang='lat' dir='ltr'><strong>illzs</strong></span> <span class='ocrx_word' id='word_1_236' title='bbox 370 4147 542 4219; x_wconf 84' lang='lat' dir='ltr'><strong>temporibus</strong></span> <span class='ocrx_word' id='word_1_237' title='bbox 560 4146 748 4199; x_wconf 83' lang='lat' dir='ltr'><strong>doctissimum</strong></span> <span class='ocrx_word' id='word_1_238' title='bbox 764 4152 842 4196; x_wconf 81' lang='lat' dir='ltr'><strong>vocat</strong></span> <span class='ocrx_word' id='word_1_239' title='bbox 859 4162 911 4214; x_wconf 89' lang='lat' dir='ltr'><strong>pro</strong></span> <span class='ocrx_word' id='word_1_240' title='bbox 930 4147 1019 4199; x_wconf 74' lang='lat' dir='ltr'><strong>Aret.</strong></span> <span class='ocrx_word' id='word_1_241' title='bbox 1039 4165 1065 4216; x_wconf 83' lang='lat'><strong>7.</strong></span> 
     </span>
    </p>
   </div>
   <div class='ocr_carea' id='block_1_7' title="bbox 0 0 1294 4756">
    <p class='ocr_par' dir='ltr' id='par_1_10' title="bbox 0 0 1294 4756">
     <span class='ocr_line' id='line_1_34' title="bbox 0 0 1294 4756; baseline 0 0"><span class='ocrx_word' id='word_1_242' title='bbox 0 0 1294 4756; x_wconf 95' lang='lat' dir='ltr'><strong> </strong></span> 
     </span>
    </p>
   </div>
  </div>
 </body>
</html>
