2580 4756
600 454 663 519 293

135 631 296 697 beraliore
321 631 509 716 principie,
529 635 619 717 quod
642 609 772 697 Graecis
795 632 925 697 cornicis
947 633 1148 704 nonomni-

134 751 195 815 bus
223 771 328 814 unum
363 773 400 814 ac
428 750 578 834 princeps
615 753 746 827 fuerat,
779 750 960 815 ducebatur
993 750 1145 814 Lucilius.

134 865 276 936 Virtutis
298 889 392 932 verae
412 881 516 933 custos
534 869 723 955 rigidusque
741 871 867 933 satelles
887 869 944 932 uni
965 868 1078 933 virtuti
1096 889 1148 932 ac-

134 1007 221 1074 quus
257 999 327 1051 erat
362 999 460 1072 atque
496 988 564 1070 ejus
594 986 716 1051 amicis.
761 986 900 1051 Virtutis
938 1008 1031 1051 amor
1052 988 1086 1050 in
1110 1007 1149 1050 eo

134 1119 244 1170 tantus
278 1120 412 1190 tamque
444 1107 557 1168 ardens
592 1114 686 1180 erat,
717 1118 755 1169 ut
783 1093 850 1190 ejus
868 1105 902 1169 in
923 1104 1051 1169 civitate
1081 1105 1156 1168 Ro·-

135 1247 234 1289 mana
265 1227 455 1309 exemplar,
482 1221 690 1308 Scipionem,
715 1238 747 1288 et
764 1225 982 1289 admiraretur
1004 1224 1161 1289 marime-

133 1357 168 1408 ct
203 1343 330 1428 scriptis
363 1344 550 1420 exhiberet;
577 1365 720 1429 cumque
738 1345 870 1409 virtutis
894 1359 1039 1408 amantes
1060 1365 1163 1408 caros:

133 1462 272 1528 haberet
302 1475 334 1526 et
361 1465 502 1540 coleret,
538 1462 610 1546 pari
638 1464 713 1527 odiu
741 1485 829 1526 secus
859 1476 891 1527 et
924 1464 1094 1527 sentientes
1117 1475 1158 1527 et·

133 1581 311 1669 cogitantes
330 1595 363 1645 et
390 1595 529 1668 agentes·
544 1581 722 1647 habebat1.
769 1582 861 1646 Idem
885 1582 1084 1666 principium
1106 1604 1148 1646 an

134 1698 247 1765 Naevii
277 1700 397 1776 fuerit,
423 1721 542 1786 magna
577 1700 754 1765 verborum
776 1701 924 1764 libertate
944 1701 978 1763 in
1002 1699 1149 1764 homines

134 1818 328 1884 incurrentis
352 1832 385 1882 et
404 1819 602 1882 nominatim
614 1819 828 1895 traducentis,
842 1820 1043 1898 dubitamus;
1059 1820 1148 1884 abest

136 1940 234 2004 etiam
250 1985 258 2017 ,
284 1952 321 2003 ut
340 1940 514 2023 proprium
529 1954 695 2004 censeatur
707 1961 841 2015 eorum,
856 1940 912 2025 qui
928 1941 1018 2006 malis
1031 1940 1151 2004 carmi

139 2057 236 2122 uibus
265 2061 382 2123 satirae
410 2058 602 2142 scriptorem
642 2073 897 2140 praecesserant,
931 2064 963 2124 et
998 2061 1164 2123 audaciae„

140 2178 325 2260 exemplum
346 2177 576 2261 praeiverant3
601 2199 707 2240 unum
731 2198 808 2241 vero
831 2178 975 2261 priscum
989 2176 1148 2244 Catonem

142 2293 319 2360 censorium
342 2308 515 2360 ornaverat
536 2309 568 2360 et
589 2317 666 2360 cum
692 2296 817 2360 Lucilio
841 2316 1017 2361 commune
1030 2300 1164 2375 fuerat,

136 2412 195 2498 qui
223 2415 269 2478 dc*
293 2435 332 2478 eo
362 2413 482 2478 tradit:
527 2436 611 2478 num
646 2426 742 2478 uetus
772 2414 837 2478 ille
860 2415 943 2479 Cato
972 2416 1165 2480 lacessisse·

133 2532 318 2620 appellari
341 2530 432 2620 quod
447 2534 604 2596 conscius
626 2535 700 2618 ipse
723 2555 792 2596 non
814 2544 890 2595 erat
915 2532 1023 2596 sitit
1105 2535 1108 2538 ⁴

162 2660 170 2667 ”
179 2647 245 2714 Sed
257 2663 294 2713 ut
317 2673 336 2716 a
353 2650 534 2716 comicis
555 2649 685 2715 Graecis
698 2648 863 2714 Lucilium
875 2649 1065 2732 profecisse,
1078 2650 1147 2715 imo

134 2767 323 2855 pependisse
338 2783 512 2835 auctorest
529 2767 691 2846 Horatius,
715 2769 761 2834 ita
775 2768 1027 2856 jamborum
1046 2770 1148 2853 scrip·

133 2900 220 2956 tores
230 2886 369 2954 Gra'eoos
381 2889 471 2953 haud
481 2888 656 2975 neglexisse
669 2888 807 2963 videtur.
820 2888 1008 2953 Diomedes:
1035 2886 1146 2956 «Jam-
1163 2888 1167 2905 ¹

143 3099 425 3119 ——n-fi-q-
509 3101 512 3105 '

171 3228 186 3274 r
221 3209 366 3288 Immerito
389 3211 501 3288 scripsit
532 3213 718 3266 Sedlosser
747 3210 836 3282 ΟΜ.
859 3209 900 3274 ll,
925 3231 958 3275 α,
981 3209 1051 3266 244:
1088 3212 1167 3274 Der„

136 3306 216 3373 aelel
222 3286 287 3385 cue
297 3309 428 3372 Lucilius
449 3309 543 3362 uhmte
563 3311 609 3361 des
621 3310 734 3361 Ennius
743 3309 878 3379 Beyspiel
888 3309 961 3360 nach
972 3311 1031 3367 und
1040 3309 1091 3360 het
1101 3309 1163 3366 dia„

136 3386 326 3483 moralisclren
341 3388 490 3478 Tagenden
500 3409 551 3463 der
561 3390 656 3458 hohen
666 3407 809 3459 Familien
816 3386 970 3476 gepriescn.

161 3488 186 3559 2tt
208 3484 275 3556 ¹'Piri
287 3480 378 3567 XIV,-
395 3494 422 3574 7.
442 3482 536 3556 Densa
555 3503 683 3556 licentius
694 3501 839 3570 'italegitz

157 3612 172 3623 ”
182 3599 198 3637 θ’
220 3600 462 3657 Νόπίνσίιωείἶὶε
481 3603 550 3652 Cato
568 3600 683 3670 dignum
699 3612 889 3670 quemcunque
905 3596 1034 3650 lacessire

218 3697 394 3768 Appellare,
415 3699 491 3769 quod
506 3700 568 3768 ipsc
585 3697 640 3749 sibi
656 3716 712 3749 non
729 3696 856 3749 conscius
872 3706 955 3750 esset·

137 3793 204 3849 Nam
222 3799 448 3850 Priscianus
470 3797 497 3848 X
514 3815 543 3864 p.
562 3813 613 3868 902
632 3795 728 3849 addit:
748 3793 829 3850 «sed
840 3796 1089 3862 potestlaccssr'sse
1100 3813 1149 3862 per

136 3909 281 3962 syncopam
302 3912 358 3946 esse
378 3894 517 3962 prolatum
532 3894 559 3947 vi
577 3893 720 3963 syllabae,
741 3901 771 3946 ut
791 3895 901 3964 cupisse
910 3922 951 3946 -.
963 3910 979 3942 r
1003 3892 1085 3947 Unde
1096 3911 1165 3960 pa-,s

138 3997 186 4057 lat,
204 3994 336 4046 laccasim
353 4011 407 4046 non
429 3995 482 4063 legi
504 4011 594 4062 posse,
614 3992 688 4063 quod
704 4009 740 4044 ue
757 3993 919 4046 vocabulum
939 3992 1055 4062 quidem
1068 3992 1151 4044 tau-

137 4104 199 4145 mun
230 4099 281 4144 est.
317 4091 438 4144 'l'ametsi
471 4108 537 4144 vero
557 4109 612 4144 non
636 4093 753 4152 subeat,
774 4108 844 4159 quac
862 4108 925 4144 vera
944 4089 1028 4144 lectio
1045 4090 1145 4152 fuerit,

138 4191 222 4243 umen
245 4207 352 4243 tensum
370 4198 447 4244 recle
473 4191 584 4245 videtur
604 4191 694 4242 Dousa
716 4188 858 4242 indicasse.
