2580 4756
533 417 570 478 11

54 592 151 679 nymi
166 587 206 657 de
226 588 340 657 Lucilii
352 605 454 656 aetate
477 594 587 693 locum
607 595 700 657 docte
711 607 867 680 acuteque
884 595 1058 678 disputavit

56 711 218 798 Varges.
247 710 390 776 Tantum
413 712 437 775 is
460 711 581 787 abfuit,
599 723 636 775 ut
657 712 743 778 varia
765 729 966 800 argumenta,
980 716 1059 800 qui-

58 832 122 894 bus
145 831 306 913 premitur
324 829 486 915 quaestio,
508 842 565 895 aut
593 843 780 915 sperneret,
801 845 857 897 aut
873 834 987 898 leviter
1007 848 1060 898 at-

56 951 218 1036 tingeret,-
249 962 287 1014 ut
310 951 407 1015 aliam
429 963 594 1033 praeterea
610 951 749 1015 moverit
771 964 804 1016 et
827 952 978 1035 expedire
995 955 1060 1017 du·

57 1069 253 1135 bitationcm
292 1081 424 1134 conatus
455 1068 506 1134 sit.
552 1067 600 1134 Ac
633 1067 781 1152 primum
812 1070 944 1155 quidem
969 1071 1003 1135 in
1023 1092 1061 1137 eo

56 1198 229 1264 uersatur,
261 1199 299 1252 ut
327 1189 493 1264 ostendat,
528 1207 595 1251 non
617 1208 692 1252 raro
711 1189 797 1272 apud
816 1188 981 1255 Romanos
1001 1210 1060 1255 usu

57 1307 202 1384 venisse,
220 1318 259 1370 ut
278 1308 489 1372 adolescentes
511 1318 586 1371 ante
606 1327 731 1370 annum
751 1307 861 1371 aetatis
884 1307 1062 1392 septimum

57 1426 225 1491 decimum
239 1424 389 1489 militiam
410 1438 618 1509 capesserent.
646 1423 754 1509 Quod,
777 1427 970 1510 comparatis
991 1427 1064 1511 pri-3

58 1565 158 1608 mum
195 1543 323 1632 Vegetii
357 1544 432 1608 loeis
450 1542 486 1622 I,
512 1544 648 1622 4,111‚
676 1547 715 1609 10
760 1558 793 1610 et
815 1545 1063 1631 inscriptionum

57 1664 202 1741 indiciis,
235 1683 334 1748 porro
359 1664 505 1751 graviore
538 1664 621 1731 Livii
645 1668 715 1730 loco
735 1665 852 1742 XXV,
877 1669 917 1742 5,
942 1667 1065 1731 confir·

59 1803 155 1848 mare
170 1785 295 1861 studet,
318 1783 375 1847 ubi
395 1783 449 1848 ille
463 1786 779 1848 senatusconsultum
791 1797 975 1860 memorat,
999 1804 1065 1870 quo

62 1902 232 1968 triumuiri
262 1921 398 1967 omnem
432 1901 561 1986 copiam
595 1902 813 1988 ingenuorum
831 1902 1002 1987 inspicere,
1033 1917 1074 1968 et⁴

62 2021 91 2085 si
124 2020 183 2105 qui
213 2020 338 2087 roboris
353 2021 427 2085 satis
450 2021 491 2110 ad
514 2022 646 2086 ferenda
666 2041 759 2086 arma
774 2020 894 2086 habere
916 2022 1068 2088 videren-

66 2152 137 2215 tur,
155 2138 276 2206 etiamsi
292 2115 441 2204 nondum
462 2137 594 2204 militari
608 2152 710 2205 aetate
724 2154 836 2218 essent,
850 2140 966 2206 milites
983 2144 1067 2207 face·

59 2271 160 2334 rent,
196 2259 274 2343 jussi
308 2271 394 2324 sunt.
445 2258 554 2344 Atque
591 2260 653 2323 hoc
690 2259 823 2343 quidem
865 2261 980 2326 accidit
1013 2257 1066 2326 Ol.

65 2379 155 2453 142,
180 2379 196 2440 1
225 2377 267 2466 (a.
278 2375 340 2443 Ch.
364 2375 443 2463 212)
456 2377 517 2443 sub
528 2374 760 2465 Syracusarum
777 2379 1065 2465 expugnationem.

64 2496 159 2561 Idem
189 2515 267 2560 vero
288 2508 397 2578 postca
419 2496 592 2562 obtinuisse
623 2497 755 2580 probari
774 2509 890 2581 potest.
937 2495 1067 2561 Memo-

63 2613 167 2681 rabile
185 2616 273 2681 enim
291 2630 352 2691 est,
377 2619 465 2701 quod
488 2616 573 2681 bello
591 2617 712 2681 Punico
725 2616 773 2679 Ill
793 2616 938 2701 accidisse
951 2615 1069 2700 legitur

65 2737 156 2819 apud
177 2733 389 2800 Plutarchum
414 2735 438 2798 t,
464 2736 501 2800 ‘0
524 2735 552 2799 δ’
576 2730 631 2801 οὖν
654 2736 799 2818 νεωτέρας
816 2733 960 2824 Τιβέρισ,ι
986 2731 1069 2818 (Caji

63 2850 183 2938 frater)
206 2857 445 2939 στρατευόμενος
468 2855 502 2920 ἐν
524 2856 630 2941 Λιβύῃ
651 2855 728 2934 μετὰ
750 2857 804 2918 τοῦ
828 2851 974 2936 δευτέρου
989 2858 1071 2916 Σιιι-
1142 2838 1145 2843 ’

64 2975 197 3050 nauscae,
222 2972 348 3059 ἔχοντος
371 2972 466 3038 αὐτοῦ
484 2976 541 3052 τὴν
550 2969 688 3053 ἀδελφὴν
706 2968 981 3059 (Semproniam),
997 2975 1070 3054 ὁμσῦ

65 3089 330 3175 συνδιαιτώμενος
351 3094 412 3156 ὑπὸ
435 3096 552 3176 σκηνὴν
574 3097 618 3177 τῷ
639 3097 819 3177 στρατήγῳ,
843 3093 922 3178 ταχύ
937 3093 1003 3156 τῶν
1018 3090 1073 3156 νέ-
1141 3131 1142 3135 =

62 3236 115 3294 ιφν
144 3215 274 3278 πάντων
298 3212 469 3296 socorsum
488 3211 622 3292 ,ἐυταξία
644 3213 698 3274 καὶ
721 3208 860 3295 ἀνδρεία·
885 3211 1016 3275 καὶτοῦ
1038 3234 1072 3288 γε

67 3336 189 3416 τειχσῦς
206 3332 314 3418 »ἐπεβὴ
337 3331 401 3394 τῶν
424 3329 579 3412 πολεμίων
601 3332 742 3414 πρῶτος,
773 3333 816 3404 ὡς
838 3351 911 3413 φησι
934 3331 1072 3407 Φάνισς,

65 3446 169 3526 λέγων
192 3451 247 3512 ιιαὶ
269 3448 362 3523 αὐτὸς
384 3453 428 3535 τῷ
451 3446 589 3536 Τιβερίῳ
610 3451 817 3536 συνεπιβῆναι
840 3449 895 3512 καὶ
917 3470 1072 3530 συμμετα-

60 3574 156 3654 σχεῖν
180 3569 298 3649 ιἰιιινῆς
319 3574 374 3650 τῆς
396 3570 563 3655 ἀριστείας.
610 3566 752 3633 Mortem
786 3566 867 3633 obiit
889 3565 940 3632 Ti.
964 3564 1072 3631 Grac—

67 3686 168 3761 chus,
191 3694 270 3751 teste
292 3687 407 3750 codem
420 3686 446 3763 9,
483 3692 570 3754 οὔπω
592 3691 764 3774 τριακόντα
786 3688 841 3770 ἔτη
863 3685 998 3766 γεγονὼς
1020 3681 1073 3750 Ol.

76 3803 162 3881 161,
188 3807 207 3869 4
233 3804 337 3892 (133).
373 3804 487 3891 Itaque
517 3827 602 3872 anno
627 3804 669 3874 U.
693 3805 730 3872 C.
753 3807 815 3869 502
842 3801 933 3893 (162)
959 3804 1071 3868 ineun-

111 4138 124 4176 ι
171 4124 199 4175 V
199 4123 243 4174 ιἰα
263 4123 307 4175 Τι’.
330 4123 449 4178 Gracchi
465 4123 492 4179 l.

108 4237 125 4273 2
161 4219 232 4274 Vtra
252 4222 282 4272 (ἰ
303 4220 422 4273 Gracchi
440 4236 464 4273 ι.
