2580 4756
681 346 745 408 242

202 521 298 601 lem,
324 548 361 588 aa
388 524 478 586 ltalia
507 535 719 596 revocatum,
744 520 832 586 vicit.
866 518 991 584 Contra
1011 519 1053 581 ad
1076 516 1217 600 ejusden

210 643 325 707 satirae
356 662 486 704 versum
513 641 556 701 66
590 639 682 703 idem
709 651 823 714 notat,
846 635 1064 721 posteriorem
1091 631 1219 698 Atria·

208 781 294 823 uum
315 757 557 823 Numantinum
575 755 826 842 intelligendum
846 777 921 820 esse.
968 753 1056 818 Hinc
1076 755 1227 824 faciunt

209 891 249 942 ut
269 878 367 940 multi
390 889 564 959 putarent,
595 873 764 939 Lucilium
782 873 906 956 petenti
928 871 1087 936 Africano
1103 865 1217 933 minori

205 1009 249 1058 *ut
267 995 317 1060 avi
337 995 397 1066 sui,
421 993 568 1058 Africani
588 994 732 1076 majoris,
753 992 919 1074 privatam
931 987 1216 1061 vitamscriberet,

205 1125 343 1198 ‚gratum
368 1111 488 1176 secisse.
520 1109 582 1174 Sed
605 1110 795 1173 dubitatum
820 1122 867 1172 est
887 1109 939 1173 ab·
953 1108 1043 1182 aliis,
1064 1105 1216 1189 quoniam

208 1232 301 1293 nulla
338 1229 447 1295 fuisset
476 1250 570 1295 causa
602 1226 770 1310 Scipioni,
804 1247 865 1290 cur
884 1227 920 1291 id
938 1223 1058 1307 suscipi
1081 1247 1102 1289 a
1126 1227 1216 1306 poeta

114 1387 117 1391 -
208 1360 378 1428 tantopere
411 1359 562 1429 cuperet,
598 1367 660 1411 uec
691 1344 861 1428 probabile
888 1344 930 1408 sit
957 1366 995 1408 ea
1027 1342 1215 1426 inaratae

209 1476 426 1527 monumenta
443 1486 481 1527 ac
501 1463 705 1540 testimonia,
737 1462 857 1548 quibua
876 1462 934 1527 hic.
951 1464 995 1527 ad
1014 1462 1213 1527 scribendam

207 1583 278 1665 ejus
310 1581 432 1656 vitam,
463 1583 520 1665 qui
548 1581 677 1663 pridem
704 1580 854 1656 obiisset,
890 1592 1041 1644 uteretur
1054 1579 1084 1644 ¹.
1142 1578 1213 1643 Mihi

208 1700 346 1784 quidem
378 1721 446 1763 non
478 1697 584 1781 Scipio
607 1697 808 1763 Aemilianus
839 1711 954 1763 auctor
975 1699 1074 1762 fuisse
1097 1695 1213 1762 Lucilio

210 1820 367 1894 videtur,
387 1832 426 1882 ut
438 1818 651 1883 domesticam
675 1839 713 1883 aa
736 1816 902 1901 privatam
921 1817 1040 1898 prioris
1062 1813 1213 1899 Scipionis

209 1937 312 2000 vitam
337 1937 477 2002 versibus
498 1939 685 2011 mendaret,
714 1937 771 2000 sed
789 1936 857 2017 ipse
880 1948 994 2017 sponte
1017 1957 1078 2001 sua
1101 1935 1214 2021 gratu·

208 2055 290 2119 sima
323 2057 362 2117 de
400 2076 494 2118 causa
516 2067 548 2118 et
572 2053 728 2136 cupivisse
744 2064 777 2116 et
798 2052 991 2134 perfecisse3
1013 2054 1144 2137 quippe
1164 2052 1213 2135 qui
1254 2128 1257 2133 ι

212 2168 304 2232 illam
339 2171 495 2252 temporis
522 2171 684 2234 rationem
710 2182 743 2234 et
762 2169 848 2233 illius
873 2169 1022 2233 Africani
1048 2190 1212 2252 personam

206 2285 412 2367 aptissimam
440 2286 655 2360 existimaret,
693 2307 795 2369 qaam
823 2285 887 2351 suis
918 2285 1112 2370 aequalibus
1134 2309 1214 2352 com·

210 2404 390 2467 mandaret.
437 2400 550 2486 Neque
581 2423 659 2467 vero
690 2402 832 2468 scribere
863 2405 918 2467 illa
949 2403 1126 2471 meditanti
1154 2406 1214 2488 ipsa

212 2519 352 2585 materia
373 2524 478 2585 deesse
512 2521 643 2603 potuit,
668 2533 783 2604 utpote
803 2542 871 2585 non
901 2522 936 2585 iu
965 2524 1150 2590 domesticis
1168 2545 1213 2588 re·

209 2638 270 2703 bus
307 2651 452 2718 versato,
485 2642 540 2703 sed
573 2638 608 2703 iu
639 2639 675 2703 iis
701 2639 907 2722 potissimum
943 2639 1122 2709 virtutibus
1152 2643 1213 2725 eju

210 2757 443 2831 describendis,
473 2777 556 2839 quae
578 2769 708 2839 praeter
731 2756 882 2821 bellicam
906 2756 1067 2822 virtutem
1089 2781 1165 2823 eum
1180 2759 1215 2821 il·

210 2872 418 2946 lustrassent,
448 2871 574 2952 Juatitit
613 2895 651 2936 ac
688 2872 879 2938 constantii.
931 2873 1100 2939 Privatam
1131 2876 1212 2941 euim

209 2987 311 3052 vitam
329 3008 396 3051 non
413 2987 563 3071 publicae
582 2992 638 3053 sed
658 2989 792 3052 militari
814 2991 936 3072 opponi
948 2991 1109 3058 videmus.
1134 2991 1213 3078 Qua·

212 3117 349 3186 propter
379 3107 528 3166 nondum
558 3127 635 3168 cum
662 3107 698 3169 iis
722 3109 829 3170 facere
852 3129 907 3171 me
926 3128 1016 3190 posse
1044 3113 1215 3193 profiteor,

212 3219 268 3303 qui
301 3241 351 3282 eas
381 3219 535 3295 virtutes,
569 3221 689 3304 quibus
714 3224 815 3287 eluxit
844 3225 878 3288 in
907 3226 1079 3308 iepublica
1114 3230 1213 3317 major

210 3335 340 3422 Scipio,
360 3336 523 3405 Lucilium
545 3352 718 3423 propterea
738 3356 860 3428 negent
876 3343 1022 3409 versibus
1034 3347 1213 3422 celebrasse,

210 3459 300 3539 quod
318 3457 442 3539 aptiore
467 3469 499 3520 et
524 3457 757 3522 illustriorem
782 3463 853 3528 loco
876 3461 997 3542 positae
1027 3465 1214 3548 explicatae·

211 3592 275 3652 que
308 3575 349 3636 ab
372 3574 479 3638 Ennio
501 3575 657 3651 fuissent,
677 3576 734 3662 qui
755 3598 805 3641 eas
823 3578 979 3664 singulari
998 3581 1086 3647 libro
1108 3605 1214 3649 ornat·

209 3699 266 3752 set.
291 3689 432 3754 Tamdiu
457 3705 568 3756 autem
590 3700 644 3759 me
662 3694 786 3758 tenebit
809 3697 925 3760 veteris
945 3698 1133 3784 interpretis
1145 3723 1215 3767 auc·

211 3890 488 3909 Μ

246 4042 255 4076 1
294 4025 338 4079 cf.
364 4028 519 4097 Varges
545 4018 663 4100 Quaest.
682 4035 774 4087 Liscil.
795 4035 848 4089 tv.
