2580 4756
605 430 666 492 169

131 603 320 669 excellebat.
339 600 437 685 Quod
458 624 532 666 sanc
546 607 768 686 spectaculum
779 605 917 691 dignum
938 621 1027 683 erat,
1051 608 1140 691 quod
1214 582 1236 641 ἱ

133 731 284 784 accurate
307 741 326 783 a
357 719 486 783 Lucilio
505 720 761 800 describeretur;
786 735 885 806 atque
907 723 951 787 ita
973 723 1141 806 perfecisse

134 837 282 913 videtur,
306 846 345 900 ut
365 858 448 920 quae
467 837 554 901 iratis
567 837 617 900 isti
631 838 763 914 animis,
773 839 912 922 jamjam
924 840 1139 925 digladiaturi,

134 953 221 1016 inter
241 974 274 1017 se
294 954 393 1018 verba
414 966 448 1016 et
470 953 613 1017 convicia
629 955 828 1031 effuderunt,
852 958 1005 1032 referret,
1029 957 1143 1019 deinde

136 1084 303 1134 certamen
327 1072 434 1153 ipsum
453 1072 585 1154 ejusque
608 1071 732 1134 exitum
750 1073 1001 1138 adumbrarct1.
1027 1071 1142 1156 Capua

136 1190 286 1270 primum
303 1189 399 1251 delati
410 1188 579 1263 Puteolos,
602 1191 690 1273 quod
703 1189 763 1252 iter
775 1201 848 1252 erat
860 1189 987 1254 circiter
1003 1191 1144 1254 millium

137 1327 302 1388 passuum.
325 1306 413 1369 Tum
431 1325 600 1370 conscensa
623 1326 724 1380 nave,
747 1305 912 1370 Minervae
921 1309 1147 1388 promontorio

136 1436 305 1506 superato,
328 1421 500 1488 Salernum
524 1422 624 1487 vecti:
648 1423 722 1485 inde
736 1444 812 1487 oum
828 1422 862 1486 in
872 1436 1007 1505 portum
1022 1421 1149 1487 Albur-

138 1563 223 1603 num
244 1543 284 1604 ad
303 1538 449 1602 fluminis
460 1537 554 1602 Silari
575 1539 695 1602 ostium
715 1540 926 1622 appulissent,
951 1540 1014 1603 iter
1034 1543 1075 1604 ad
1084 1540 1148 1604 Pa·

139 1658 287 1720 linurum
309 1656 467 1740 persecuti
480 1656 588 1719 media
602 1659 666 1719 huc
679 1669 774 1719 nocte
793 1669 1021 1738 pervenerunt.
1044 1656 1148 1733 Hinc,

140 1775 314 1837 verisimile
345 1786 410 1848 est,
435 1793 502 1835 non
522 1772 648 1857 longius
677 1793 778 1855 quam
804 1774 845 1835 ad
866 1770 1051 1855 Scyllaeum
1069 1793 1151 1854 pro-

140 1890 348 1953 montorium
376 1901 544 1971 provectos
574 1908 661 1961 esse,
692 1889 778 1950 unde
795 1886 919 1970 Vargcs
941 1887 1054 1951 statuit
1069 1909 1152 1970 pro-

137 2006 221 2089 spici
247 2006 411 2088 Rhegium
433 2016 465 2067 et
490 2003 642 2084 Liparas,
667 2007 755 2086 quod
773 2006 993 2087 spectaculum
1006 2004 1154 2069 sihiunte

140 2143 272 2203 scmpcr
298 2119 377 2184 votis
392 2118 574 2201 expetitum
597 2118 713 2193 fuisse,
739 2125 836 2201 poe'ta
857 2119 1054 2205 significata
1078 2120 1153 2184 Hu-

138 2242 194 2322 jus
216 2258 292 2300 vero
310 2236 399 2301 varia
420 2234 542 2298 itineris
562 2238 639 2309 fata,
657 2255 791 2299 omnem
812 2249 1003 2300 resumtum
1016 2259 1154 2332 prospe·

128 2354 258 2421 'rarum
291 2377 392 2439 quam
421 2355 650 2428 adversarum,
684 2352 859 2436 voluptatis
877 2367 910 2418 et
930 2357 1154 2421 molestiarum

144 2473 335 2537 varietatem
354 2473 421 2536 sine
442 2470 543 2533 dubio
563 2472 708 2532 hocloco
722 2474 911 2551 complexus
933 2486 980 2532 est
1000 2471 1154 2535 Lucilius.

145 2586 340 2663 Acciderat,
358 2601 396 2650 ut
421 2587 456 2648 in
476 2584 591 2647 itinere
613 2585 827 2646 commodum
846 2582 1067 2646 deversorium
1089 2598 1157 2646 non

143 2706 365 2780 inveniretur3
402 2701 603 2786 cogebantur
634 2696 800 2762 devertere
822 2697 857 2759 in
879 2696 1075 2771 tabernam,
1098 2696 1158 2759 ubi

145 2843 214 2886 non
234 2823 333 2883 modo
346 2840 413 2881 non
425 2830 547 2891 ostrea,
563 2834 630 2878 non
643 2820 802 2897 purpura,
816 2832 883 2875 non
894 2810 1028 2894 peloris,
1050 2813 1105 2876 scd
1116 2832 1159 2876 ne

144 2937 292 3021 asparagi
318 2935 453 3019 quidem
479 2930 621 2995 essentss.
651 2931 836 3015 Aliquando
857 2928 1012 2993 Tantalus
1036 2929 1097 2992 sibi
1111 2929 1160 2994 vi·

144 3057 305 3128 debatur,
329 3051 386 3136 qui
410 3050 452 3114 ob
479 3051 565 3113 facta
586 3048 711 3112 nefaria
732 3068 851 3130 poenas
872 3045 982 3111 luisset
995 3044 1032 3122 4,·
1054 3067 1159 3130 quum

154 3262 434 3279 ’.ι-...101

186 3383 200 3420 ι
238 3369 361 3418 Dousa
380 3366 419 3415 ad
435 3344 505 3415 Luc.
521 3363 570 3434 [πρ
587 3379 615 3428 p.
636 3376 666 3431 17
694 3369 769 3414 recle
791 3360 901 3415 videtur
918 3357 952 3408 ad
969 3355 1042 3409 huuc
1060 3357 1162 3409 librum

149 3480 185 3516 cx
202 3468 302 3530 quarto
321 3456 507 3510 transferenda
519 3459 583 3508 ¹esse
601 3457 780 3522 existimasse,
799 3474 870 3526 quac
886 3470 941 3505 non
958 3452 1079 3504 indicato
1096 3453 1163 3506 libri

147 3574 265 3610 numero
276 3555 347 3622 apud
359 3553 522 3608 Ciceronem
534 3554 657 3622 aliosque
669 3560 788 3618 exstant,
804 3569 855 3605 nec
868 3549 993 3618 intelligo
1005 3539 1054 3601 cur
1071 3550 1164 3602 γαν·
1248 3562 1249 3565 ’

146 3673 223 3726 ges,
243 3653 291 3721 qui
302 3650 536 3706 commentationis
553 3666 616 3702 suae
633 3658 662 3716 p.
673 3668 688 3718 7
700 3648 855 3701 certaminis
873 3646 1030 3716 gladiatorii
1041 3647 1164 3700 mentic-

150 3769 215 3803 ucm
231 3751 306 3801 libro
323 3751 406 3801 tertio
424 3747 523 3799 factam
540 3763 597 3799 esse
614 3745 696 3811 vidit,
715 3746 864 3814 fragmenta
882 3744 949 3797 libri
962 3741 1003 3798 1v
1016 3742 1161 3806 decimum,

152 3846 327 3901 undecimum
343 3853 372 3896 et
387 3838 579 3897 duodecimum
595 3841 696 3893 addere
709 3841 856 3895 noluerit.¹

188 3966 205 4001 2
240 3944 286 3997 cf.
309 3943 440 4012 Vargis
459 3957 556 3994 comm.
574 3940 595 3992 l.
619 3957 649 4006 p.
666 3937 711 4006 59.

189 4044 206 4094 5
243 4038 498 4112 Fragm.lll‚17,
521 4039 576 4090 18.

189 4141 207 4191 4
243 4140 314 4190 an.
332 4137 379 4192 28.
