2580 4756
614 340 676 401 115

133 514 323 584 Istiusmodi
347 515 491 581 lascivius
515 515 712 582 uocabulum
733 517 859 582 ridetur
883 537 1014 602 quoquc
1036 537 1147 600 respe-

133 637 217 701 xisse
248 636 434 711 Arnobius,
470 635 529 701 ubi
550 649 660 701 sancta
683 651 716 702 et
738 637 894 702 ferventia
917 637 1053 701 numina
1075 638 1146 701 cim

132 758 306 822 voconius
329 755 502 832 Lucillii,
526 770 558 820 et
580 777 637 820 rex
660 753 789 821 Servius
812 755 1147 821 natusessediciturl.

181 873 329 939 Tandem
363 873 487 938 mentio
521 873 667 939 facienda
699 887 746 938 est
777 874 958 951 Ausonii,
994 860 1164 959 cujusda

134 992 265 1059 Lucilio
288 991 476 1057 testimonia
504 994 665 1061 valentad
678 1015 715 1057 ea
742 1015 825 1079 quac
838 991 1013 1058 Horatium
1034 1015 1148 1077 repre·

133 1112 335 1174 hendentem
361 1111 620 1194 exploravimus,
645 1112 878 1179 confirmanda.
911 1111 1073 1176 Judicium
1095 1111 1148 1175 ille

131 1249 233 1295 suum
256 1228 392 1313 epistolii
423 1231 465 1293 ad
497 1230 643 1297 amicum
667 1231 880 1308 Tetradium‚
911 1230 1025 1297 satirae
1046 1230 1146 1314 scrip-

132 1361 264 1426 torem,
287 1348 455 1430 exposuit‚
479 1369 544 1434 qua
565 1348 611 1413 sic
632 1349 780 1432 scripsit:

181 1466 211 1533 0
234 1469 297 1554 qni
316 1479 474 1535 venustae
495 1467 595 1533 uberi
609 1467 787 1556 facundia

224 1583 323 1651 Sales
346 1591 501 1674 opimae,
527 1585 689 1663 Terram,

179 1703 365 1792 Canisque,
389 1728 430 1769 nc
453 1709 503 1771 sit
528 1709 650 1770 tristis
674 1719 706 1770 et
729 1705 827 1772 dulci
850 1729 969 1770 carens

226 1821 366 1888 Arnai-a
388 1827 632 1893 concinnatio:

182 1943 277 2031 Qui,
293 1943 385 2032 felle
407 1966 544 2008 carmen
567 1954 670 2031 atquc
692 1944 793 2008 melle
816 1955 1033 2030 tecnpcrunr,

225 2063 371 2150 Torperc
393 2062 515 2129 Musae
537 2086 605 2127 non
626 2066 741 2141 cinis,-

180 2182 393 2269 Puriterquc
409 2180 541 2269 fucas,
565 2205 715 2269 quaeque
730 2195 840 2271 gustu
864 2184 998 2270 ignum
1020 2193 1124 2258 uuirt,

225 2300 278 2365 Et
301 2324 388 2388 quac
409 2324 530 2388 sapore
553 2305 699 2366 tristia.-

180 2417 316 2484 Ilndcs
340 2420 561 2486 Cuntocnuc
585 2425 647 2511 qni
670 2419 846 2486 Suessae
867 2424 1069 2508 praevenis,

227 2536 383 2629 Accoquu
407 2539 521 2616 cedis,
543 2563 610 2605 non
633 2539 758 2606 stitit.

136 2657 335 2745 intelligitur
356 2659 452 2735 hinc,
482 2660 522 2722 de
544 2657 737 2723 inconditis
761 2672 794 2723 et
820 2657 1006 2722 colubrosir
1033 2656 1150 2720 Lucilii

134 2775 332 2842 carminibus
366 2776 454 2840 idem
490 2775 633 2848 Ausonio
661 2777 750 2860 quod
772 2775 908 2840 Horatio
929 2775 1035 2839 visum
1059 2796 1145 2851 esse;

137 2907 306 2981 praeterea
346 2914 424 2959 vcro
457 2893 574 2958 scitam
609 2894 699 2957 illam
734 2893 887 2959 ridiculi
921 2908 953 2958 et
983 2892 1149 2958 iracundi

136 3011 434 3096 temperationem,
463 3033 563 3095 quam
587 3011 738 3076 Horatius
761 3011 972 3096 requisiverat
992 3012 1026 3074 in
1048 3010 1149 3076 Luci·

137 3130 204 3207 lio,
248 3130 280 3193 in
315 3130 454 3214 antiquis
488 3131 617 3195 comicis
651 3130 779 3197 Graecis
812 3130 989 3196 admiratus
1024 3134 1148 3208 suerat,

137 3247 306 3313 manifeste
328 3247 528 3314 desideravit.

182 3365 320 3432 Initium
343 3365 498 3432 duximus
522 3391 540 3432 a
566 3368 743 3434 verborum
768 3368 1010 3452 transjectione,
1034 3366 1147 3452 inquo

145 3572 426 3591 ...nu-*s*-

174 3698 186 3735 ι
225 3684 297 3734 Aci.
321 3688 404 3734 Gaul.
423 3681 462 3744 V,
485 3686 516 3736 18
534 3701 561 3749 p.
580 3684 640 3737 486·
676 3683 832 3735 Turneb
870 3684 989 3735 Advers.
1018 3683 1084 3748 xi,
1114 3704 1146 3738 22

138 3789 253 3844 monet,
278 3779 417 3832 Lucilium
446 3781 472 3830 in
494 3781 586 3831 satiris
607 3783 643 3832 itu
667 3780 964 3848 nppelluvisseloedum
982 3779 1145 3845 humorem,

139 3878 187 3950 qui
207 3877 322 3929 libidine
348 3876 537 3944 profunditur.
557 3877 603 3930 Cf.
620 3881 768 3948 Popma
795 3878 833 3928 ud
858 3880 945 3930 Varr.
966 3879 1018 3931 Ed.
1038 3879 1096 3948 Rip.
1116 3881 1145 3935 ll

139 3993 167 4044 P·
185 3976 226 4031 45.
254 3975 364 4043 Deipsa
383 3992 412 4026 re
430 3975 484 4042 egit
501 3977 606 4028 Dion.
662 3975 707 4029 al.
726 3975 810 4027 Anu.
829 3977 909 4028 Rom,
932 3973 984 4040 IV,
1006 3993 1029 4032 1.

173 4090 190 4125 2
226 4075 319 4143 Epist.
341 4071 407 4126 XV.
425 4072 468 4126 Cs.
488 4089 548 4138 arip.
567 4089 593 4139 p⁴
614 4073 659 4137 54,
679 4089 724 4141 97,
746 4072 805 4124 lcii.

615 4201 658 4262 8*
