2580 4756
630 303 670 378 118

134 494 291 558 turbatur
318 491 444 557 Afranii
481 492 599 556 comici
619 505 727 569 aetas,
757 492 893 576 quaein
927 493 1035 557 multo
1061 491 1149 576 prius

135 629 267 696 tempus
300 612 442 676 refertur
478 609 653 693 aVellejo.
700 609 810 675 Clara
839 612 947 675 etiam
967 607 1149 697 peridem

137 730 214 792 aeci
237 730 394 815 spatium
409 725 514 813 fuere
537 728 704 814 ingenia,
738 730 779 791 ia
807 731 946 817 togatis
970 727 1150 815 Afranii,

135 849 177 910 ia
203 844 398 937 tragoediis
421 845 574 909 Pacarii
595 857 698 930 atque
711 845 814 910 Accii
827 847 851 910 ¹.
875 846 1030 911 Disertius
1049 847 1150 911 idern.

139 964 185 1030 ln
197 962 303 1029 Accio
321 968 480 1051 circaque
503 986 578 1028 eam
595 960 753 1027 Romana
778 965 961 1054 tragoedia
984 977 1045 1041 est,
1070 963 1153 1029 dot-

127 1105 262 1168 ,casque
288 1079 416 1146 latini
444 1081 573 1168 leporis
595 1080 753 1168 facetiae
776 1105 844 1169 por
872 1082 1066 1147 Caecilium
1091 1081 1154 1146 Te-

139 1205 358 1289 rentiamqae
378 1213 410 1266 et
434 1199 632 1288 Afranium
644 1204 793 1287 suppari
807 1213 919 1265 aetate
930 1200 1154 1266 nitueraat⁰.

140 1319 351 1386 Manifestum
367 1321 444 1385 hinc
467 1333 531 1397 eet,
555 1320 711 1406 aVellej0
724 1321 898 1385 Afranium
913 1322 1153 1404 propemodum

142 1442 311 1525 aequalem
355 1439 432 1524 poni
470 1439 634 1505 Terentio.
690 1439 807 1525 Vellcji
839 1439 940 1525 igitur
980 1439 1155 1504 auctoritas

143 1581 221 1623 cum
258 1557 313 1624 vix
347 1571 495 1642 suspecta
528 1580 592 1623 esse
613 1558 734 1642 possit,
764 1570 944 1622 statuamus
965 1579 1092 1622 necesse
1111 1570 1156 1623 est

141 1675 215 1740 fieri
247 1696 314 1740 non
345 1697 458 1760 posse,
487 1689 526 1740 ut
546 1675 673 1740 Afranii
690 1688 773 1740 aetas
797 1677 838 1740 ad
861 1673 1024 1741 Ciceronis
1047 1677 1157 1741 lacum

141 1795 304 1883 exigatur.
351 1793 476 1861 Contra
499 1796 525 1858 si
553 1794 699 1858 suasione
722 1793 799 1881 legis
817 1793 960 1858 Fanniae
980 1792 1058 1858 Titii
1083 1813 1160 1860 ora·

134 1913 224 1977 toris
246 1925 387 1977 aetatem
412 1913 642 1999 aliquomodo
663 1913 793 1979 definiri
816 1933 907 1995 posse
919 1925 1007 1977 recte
1021 1925 1161 1977 conten-

146 2029 274 2106 dimus,
298 2042 388 2113 patet
408 2027 601 2095 Ciceronem
623 2049 699 2093 vere
722 2029 902 2114 scripsisse,
941 2028 976 2093 in
1000 2029 1160 2095 imitando

145 2144 235 2210 Titio
259 2144 434 2212 Afranium
459 2147 575 2223 fuisse,
599 2159 633 2211 at
650 2145 748 2210 simul
764 2156 888 2212 necesse
913 2147 974 2212 erit
991 2149 1161 2233 utriusque

150 2275 290 2330 aetatem
308 2264 350 2328 ad
370 2263 461 2347 prius
474 2276 604 2346 tempus
625 2266 760 2329 referre.
805 2261 1039 2349 Quaerendum
1062 2265 1162 2353 igitur

150 2394 272 2461 restat,
296 2382 384 2445 unde
409 2378 558 2447 Ciceroni
582 2394 651 2446 tarn
671 2380 777 2468 gravis
798 2403 890 2447 error
901 2383 1080 2460 exstiterit,
1096 2402 1164 2468 quo

150 2501 302 2566 inductus
338 2498 524 2565 Macrobius
558 2498 684 2564 Titium
702 2498 890 2565 Lucilianae
919 2501 1030 2566 aetatis
1053 2523 1163 2568 urum

150 2618 335 2704 appellarit.
381 2616 414 2682 si
448 2617 529 2704 quid
548 2618 663 2695 video,
688 2615 802 2683 Cicero
819 2618 954 2704 quidem
978 2618 1046 2703 ipse
1068 2619 1165 2704 culpi

152 2737 236 2802 liber
267 2749 332 2815 est,
356 2737 462 2802 omnis
484 2750 597 2803 autem
621 2756 713 2802 error
734 2738 926 2819 repetendus
951 2755 991 2801 ex
1015 2759 1054 2803 ea
1074 2737 1166 2804 Bruti

152 2855 357 2922 Ciceroniani
368 2856 519 2933 editione,
528 2879 633 2942 quam
645 2854 865 2940 Hieronymus
875 2867 1050 2922 memorat.
1072 2850 1169 2921 Noss-

153 2974 262 3052 stalli,
285 2972 348 3049 ait,
372 2976 480 3038 etiam
504 2976 543 3038 in
562 2972 678 3038 Bruto
695 2973 872 3038 Ciceronis
894 2971 1037 3062 dialogo
1064 2973 1170 3070 saci·

154 3103 243 3168 seat,
264 3101 304 3154 at
322 3112 397 3154 eam
419 3093 460 3154 ia
485 3102 556 3156 tres
573 3103 697 3178 partes
719 3101 847 3165 secent,
870 3113 948 3154 cam
965 3113 1056 3154 aaut
1074 3114 1098 3157 a
1109 3113 1170 3156 esec

192 3395 203 3430 ι
241 3375 284 3441 ΙΙ,
303 3395 328 3447 9.

142 3515 145 3519 -
193 3495 209 3529 α
246 3474 272 3540 l,
294 3491 336 3544 ¹7·
373 3472 476 3526 Eodem
498 3474 594 3527 ordine
611 3470 800 3544 Quintilianus
825 3473 934 3527 eosdem
962 3475 1058 3540 potus
1087 3472 1174 3524 refert

159 3577 234 3628 Isset.
264 3576 361 3625 Oratt.
387 3571 426 3634 X,
448 3585 475 3635 1,
504 3587 531 3638 p.
560 3589 638 3642 227.·
668 3569 733 3640 Quo
760 3569 842 3637 magis
871 3577 938 3636 puto
973 3567 1173 3620 restituendum

162 3668 322 3721 Afranii
341 3684 438 3720 nornen
456 3667 528 3734 apud
550 3669 732 3723 Gellium
749 3665 853 3728 xvir,
872 3681 916 3721 21·
951 3667 1052 3736 Ne'qce
1072 3681 1174 3736 magno

144 3765 315 3820 intervallo
346 3776 414 3837 post
452 3783 486 3816 ea
518 3766 594 3834 [post
622 3762 785 3832 legationem
816 3769 900 3814 trium
930 3757 1174 3827 philosophorum)

164 3866 200 3932 Q.
231 3866 345 3916 Ennius
371 3876 400 3917 et
423 3867 514 3929 juxta
541 3861 704 3924 Caecilius,
744 3870 772 3912 et
817 3859 966 3912 Terentius
996 3874 1032 3909 ae
1050 3855 1177 3908 subinde

158 3961 338 4033 {Afranius]
366 3971 394 4015 et
421 3961 590 4025 Pacuvius,
608 3970 638 4011 et
663 3959 790 4010 Pacuvio
802 3959 865 4024 jam
882 3974 948 4008 sens
965 3955 1092 4017 Accius,
1112 3953 1159 4006 cla

157 4059 279 4130 olorque
303 4068 371 4110 tunc
388 4060 418 4110 in
434 4057 615 4127 poimotibns
633 4073 726 4107 eorum
744 4053 939 4105 obtrectandis
957 4049 1176 4121 Luciliusfuit.
