2580 4756
533 344 590 406 tot

58 528 159 589 batur
177 524 266 602 enim
286 521 482 604 reipublicae
493 524 592 598 salum
620 522 654 582 in
667 542 732 604 qua
744 523 887 584 curanda
897 524 1069 606 postquam

57 642 240 706 diutissime
271 659 442 704 armorum
466 639 512 704 vis
535 641 655 703 frustra
677 641 908 713 desudaverat,
938 641 1071 703 firmio·

60 760 152 825 ribus
180 757 343 841 praesidiis
372 778 452 840 opus
480 778 544 820 esse
575 756 768 832 videbatur,
791 771 916 820 utnon
939 771 1068 821 tantum

60 889 288 944 averterentur
319 875 506 960 ingruentia
527 875 614 936 mala
625 917 642 949 ,,
654 874 710 937 sed
729 872 829 935 etiam
851 874 1071 955 praesentium

60 994 109 1060 vis
136 993 383 1075 reprimeretur.
428 989 538 1073 Quare
559 990 639 1073 quid
663 991 857 1054 fortunatius
881 1012 919 1055 eo
944 1005 1071 1075 tempo-

61 1132 98 1175 re
120 1110 308 1194 oontingere
330 1107 453 1172 civitati
476 1108 644 1171 Romanae
664 1120 835 1189 potuerat,
856 1130 958 1192 quam
972 1109 1074 1172 Luci·

62 1228 147 1302 lius,
170 1226 298 1290 virtutis
320 1246 416 1305 verae
438 1238 542 1289 custos
572 1224 758 1318 rigidusque
780 1225 933 1289 satelles?

106 1344 155 1410 Ut
188 1364 266 1408 vero
300 1342 431 1407 auctore
465 1341 600 1405 Horatio
625 1342 824 1425 peculiarem
856 1345 941 1406 hanc
979 1345 1074 1408 fuisse

61 1463 262 1544 scriptorum
293 1461 539 1524 Lucilianorum
558 1460 731 1523 materiam
749 1474 857 1543 patet,
876 1461 923 1526 ita
939 1464 1073 1525 eandem

61 1602 82 1643 a
115 1578 243 1642 Lucilio
264 1579 313 1640 his
350 1578 492 1642 versibus
518 1578 607 1662 quasi
633 1577 863 1642 adumbratam
884 1601 1075 1663 cognoscere

30 1698 33 1704 ’
59 1697 173 1779 juvat:

111 1812 151 1878 V
149 1815 244 1876 irtus
259 1857 268 1888 ‚
295 1808 441 1886 Albine,
462 1823 511 1874 est
524 1797 683 1896 pretium
696 1814 891 1899 persolvere
912 1836 1051 1890 verum,

109 1931 220 2016 Queis
240 1933 279 1994 iu
296 1950 495 2003 versamur,
518 1930 615 2013 queis
632 1931 775 1992 vivimu'
801 1930 894 1993 rebu’
912 1943 1066 2016 potesse:

110 2048 245 2111 Virtus
269 2057 319 2109 est
337 2045 494 2119 homiui,
519 2048 609 2108 seire
623 2045 664 2109 id
684 2046 775 2132 quod
792 2070 940 2135 quaeque
951 2051 1075 2116 tabeat

952 2192 1029 2246 res,

109 2279 263 2354 Virtus,
286 2282 376 2342 scire
393 2280 529 2344 homiui
545 2293 695 2358 rectum,
712 2284 824 2360 utile,
843 2285 930 2370 quid
945 2290 996 2351 sit
1017 2289 1075 2351 lto·

878 2416 1031 2479 uectum,

109 2514 205 2600 Quae
226 2513 330 2589 bonu,
352 2536 440 2601 quae
456 2517 554 2579 mata
571 2519 677 2592 item,
696 2519 784 2603 quid
795 2519 940 2594 inutile,
962 2533 1074 2608 turpe,

786 2634 1030 2699 inhonestum:

110 2745 263 2822 Virtus,
295 2746 505 2831 quaerendae
525 2749 577 2809 rei
590 2746 702 2832 finem
722 2751 812 2811 seire
825 2748 1050 2836 modumque.-

107 2861 259 2939 Virtus,
284 2863 428 2928 divitiis
447 2866 603 2949 pretium
616 2866 812 2950 persoluere
828 2890 949 2953 posse:

47 3048 50 3053 ,
106 2980 263 3057 Virtus,
285 2980 326 3045 id
350 2981 456 3058 dare,
477 2981 567 3067 quod
587 3006 625 3045 re
648 2987 728 3068 iperi
745 2983 884 3049 debetur
905 2988 1050 3069 irminri3

108 3099 249 3164 Hoetem
284 3123 352 3164 esse
385 3110 488 3185 atque
508 3103 695 3165 inimicum
720 3103 899 3167 homiuum
916 3128 1073 3171 morum·

750 3244 813 3308 que
833 3224 1027 3300 mulorum,
1058 3292 1061 3301 ,

110 3334 241 3400 Contra
256 3334 465 3422 defensorem
487 3335 665 3402 homiuum
677 3332 876 3425 morumque
889 3341 1072 3420 hortorum,

106 3451 341 3541 Magnificam
354 3455 432 3530 Itos,
445 3455 502 3518 liis
514 3455 591 3520 berte
603 3457 689 3520 velle
699 3503 708 3533 ,
718 3458 776 3520 irie
786 3461 896 3521 vivere
907 3463 1072 3525 amioum.-

109 3570 291 3634 Commoda
310 3583 489 3655 praeterea
507 3576 654 3659 patriae
669 3573 740 3638 eibi
755 3578 878 3659 prima
896 3589 1061 3663 putore,¹

104 3687 240 3752 Deinde
247 3701 447 3774 pareutum,
461 3692 657 3776 tertiajam
666 3704 907 3779 postremaque
919 3699 1071 3761 nostrat.

49 3892 282 3912 -—-h=————-
