2580 4756
619 409 638 469 3

132 633 229 688 mus,
265 625 302 678 ut
332 616 513 679 multarum
546 612 637 678 initia
670 614 790 678 artium
823 625 855 678 et
891 604 1134 699 disciplinarum

131 758 257 824 levibus
280 759 470 846 incertisque
494 760 631 846 vestigiis
644 760 829 826 abscondita
847 762 1135 850 doleamus,’quae

132 908 283 994 persequi
316 908 435 972 infiniti
464 931 501 973 ac
545 912 612 974 fere
635 911 792 994 desperati
821 911 938 977 laboris
977 924 1033 977 est.
1091 911 1135 977 At

134 1078 213 1122 vero
241 1057 323 1122 tanti
348 1057 507 1124 momenti
536 1048 606 1135 res,
634 1080 712 1143 quas
734 1059 760 1124 si
776 1060 978 1147 contingeret
994 1061 1137 1126 invenire

133 1204 296 1289 quantivis
321 1203 418 1288 pretii
446 1219 526 1271 esset
547 1206 754 1283 habendum,
789 1207 883 1275 facile
907 1209 1064 1295 gravitate
1080 1229 1137 1273 sua

132 1354 335 1437 impediunt,
366 1375 408 1418 ne
432 1354 519 1439 justo
538 1356 640 1420 dolori
672 1356 771 1421 otiosa
790 1358 940 1422 accedens
960 1359 1138 1442 desperatio

132 1504 227 1567 tollat
237 1501 447 1589 investigandi
466 1524 579 1568 curam
602 1512 635 1569 et
652 1505 879 1571 assiduitatem.
905 1504 1128 1590 Quapropter,

131 1650 312 1716 clarissimis
336 1652 488 1735 exemplis
509 1672 602 1730 usos,
635 1652 669 1716 in
694 1653 756 1718 suis
773 1653 912 1741 singulos
925 1654 1036 1719 studiis
1058 1655 1135 1718 dili-

133 1802 317 1888 gentissime
349 1814 477 1887 oportet
512 1803 593 1868 vires
622 1802 818 1886 periclitari,
855 1816 915 1880 ut,
944 1804 1051 1888 quoad
1068 1804 1136 1887 ejus

133 1951 205 2015 lieri
235 1949 351 2034 possit,
390 1949 535 2037 ingentes
557 1949 713 2014 leniamus
743 1947 853 2013 studiis
875 1947 990 2013 nostris
1007 1947 1135 2032 iniquae

136 2102 285 2164 fortunae
311 2097 517 2163 calamitates.

180 2403 311 2472 Satira
344 2405 571 2474 Romanorum
596 2422 709 2474 utrum
739 2409 911 2492 proprium
944 2407 1136 2491 aliquodue

133 2557 267 2645 privum
285 2558 450 2624 Romanae
469 2563 599 2644 poeseos
617 2581 739 2647 genus,
768 2580 810 2623 an
830 2577 1005 2622 commune
1030 2554 1136 2620 Grae-

133 2706 177 2770 cis
214 2707 330 2783 suerit,
362 2721 477 2772 utrum
511 2720 618 2772 totum
648 2705 696 2770 his
720 2693 765 2770 'sit
792 2703 1020 2770 vindicandum
1056 2724 1137 2768 auo·

134 2855 280 2932 toribus,
310 2878 352 2920 an
386 2857 517 2920 illorum
549 2857 601 2920 rel
635 2851 769 2942 ingeniis
782 2852 823 2918 sit
847 2865 980 2936 partum
1003 2851 1054 2918 vel
1076 2853 1132 2917 in-

135 3015 318 3067 stauratum
364 3002 475 3068 studiis
516 3004 567 3068 vel
613 3002 767 3086 peculiari
801 3001 925 3067 ratione
959 3014 1134 3067 tractatum
1227 3068 1230 3071 .

88 3228 90 3233 ,
135 3171 173 3213 ac
190 3152 455 3235 frequentatum,
482 3149 587 3237 gravis
600 3149 690 3215 omni
709 3162 856 3233 tempore
870 3149 933 3213 suit
948 3170 1057 3235 neque
1072 3171 1135 3214 esse

98 3328 101 3334 ·
135 3298 227 3364 desiit
251 3299 336 3363 inter
364 3299 504 3364 eruditos
524 3297 750 3364 controversia.
785 3294 860 3383 Qua
888 3299 929 3362 de
942 3318 978 3363 re
999 3297 1025 3362 si
1038 3320 1136 3382 quae·

135 3448 238 3512 rimus
266 3468 349 3532 quae
381 3446 548 3512 dubitandi
584 3445 749 3531 variasque
776 3446 810 3510 in
827 3439 933 3530 partes
953 3436 1133 3512 discedendi

137 3618 230 3661 causa
263 3595 384 3670 fuerit,
426 3595 545 3678 duplex
574 3608 641 3671 est,
677 3597 778 3658 altera
803 3592 943 3658 fontium
978 3594 1136 3676 penuria,

136 3747 236 3809 altera
272 3757 417 3828 suspecta
460 3743 658 3808 tradentium
688 3743 787 3819 lides3
816 3742 943 3807 *accedit
973 3743 1131 3818 tertium,

136 3890 283 3956 locorum
296 3891 330 3953 in
342 3912 461 3976 magna
478 3889 639 3973 paucitate
650 3909 780 3952 summa
797 3891 991 3973 corruptela.
1020 3887 1135 3954 Gravis

137 4037 236 4124 igitur
270 4037 413 4123 quaestio
438 4017 580 4123 graviter
611 4018 809 4118 impeditur,
833 4058 892 4100 nec
916 4036 1043 4100 videtur
1060 4057 1139 4118 pro·
1225 4096 1243 4121 ,κ

112 4166 117 4171 ’
137 4186 287 4252 habiliter
309 4185 388 4250 solvi
411 4205 522 4268 posse,
547 4184 604 4248 nisi
620 4183 742 4248 'iterata
755 4183 1037 4258 testimoniorum,
1053 4205 1136 4268 quae

646 4335 686 4394 1*
