<?xml version="1.0" encoding="UTF-8"?>
<!DOCTYPE html PUBLIC "-//W3C//DTD XHTML 1.0 Transitional//EN"
    "http://www.w3.org/TR/xhtml1/DTD/xhtml1-transitional.dtd">
<html xmlns="http://www.w3.org/1999/xhtml" xml:lang="en" lang="en">
 <head>
  <title>
</title>
<meta http-equiv="Content-Type" content="text/html;charset=utf-8" />
  <meta name='ocr-system' content='tesseract 3.04.00' />
  <meta name='ocr-capabilities' content='ocr_page ocr_carea ocr_par ocr_line ocrx_word'/>
</head>
<body>
  <div class='ocr_page' id='page_1' title='image "./studiacriticain00heusgoog_0065.png"; bbox 0 0 2580 4756; ppageno 0'>
   <div class='ocr_carea' id='block_1_1' title="bbox 682 349 724 411">
    <p class='ocr_par' dir='ltr' id='par_1_1' title="bbox 682 349 724 411">
     <span class='ocr_line' id='line_1_1' title="bbox 682 349 724 411; baseline -0.024 0"><span class='ocrx_word' id='word_1_1' title='bbox 682 349 724 411; x_wconf 81' lang='lat'>54</span> 
     </span>
    </p>
   </div>
   <div class='ocr_carea' id='block_1_2' title="bbox 207 523 1214 847">
    <p class='ocr_par' dir='ltr' id='par_1_2' title="bbox 207 523 1214 847">
     <span class='ocr_line' id='line_1_2' title="bbox 209 523 1210 610; baseline 0.001 -20"><span class='ocrx_word' id='word_1_2' title='bbox 209 527 383 610; x_wconf 88' lang='lat' dir='ltr'>proposito.</span> <span class='ocrx_word' id='word_1_3' title='bbox 413 523 504 591; x_wconf 84' lang='lat' dir='ltr'>Patet</span> <span class='ocrx_word' id='word_1_4' title='bbox 527 546 602 591; x_wconf 85' lang='lat' dir='ltr'>vero</span> <span class='ocrx_word' id='word_1_5' title='bbox 624 528 743 609; x_wconf 81' lang='lat' dir='ltr'>duplex</span> <span class='ocrx_word' id='word_1_6' title='bbox 761 527 827 608; x_wconf 89' lang='lat' dir='ltr'>ejus</span> <span class='ocrx_word' id='word_1_7' title='bbox 848 538 1081 610; x_wconf 66' lang='lat' dir='ltr'>argumentum</span> <span class='ocrx_word' id='word_1_8' title='bbox 1102 526 1210 604; x_wconf 83' lang='lat' dir='ltr'>luisse,</span> 
     </span>
     <span class='ocr_line' id='line_1_3' title="bbox 207 643 1212 732; baseline 0.004 -24"><span class='ocrx_word' id='word_1_9' title='bbox 207 646 328 729; x_wconf 87' lang='lat' dir='ltr'>quippe</span> <span class='ocrx_word' id='word_1_10' title='bbox 350 648 436 711; x_wconf 91' lang='lat' dir='ltr'>etde</span> <span class='ocrx_word' id='word_1_11' title='bbox 451 643 681 732; x_wconf 78' lang='lat' dir='ltr'>agrispublicis</span> <span class='ocrx_word' id='word_1_12' title='bbox 694 643 837 718; x_wconf 80' lang='lat' dir='ltr'><strong>cavebat,</strong></span> <span class='ocrx_word' id='word_1_13' title='bbox 854 656 902 719; x_wconf 90' lang='lat' dir='ltr'>et,</span> <span class='ocrx_word' id='word_1_14' title='bbox 918 655 956 706; x_wconf 91' lang='lat' dir='ltr'>ut</span> <span class='ocrx_word' id='word_1_15' title='bbox 966 644 1212 726; x_wconf 82' lang='lat' dir='ltr'>probabilitere</span> 
     </span>
     <span class='ocr_line' id='line_1_4' title="bbox 208 761 1214 847; baseline -0.002 -17"><span class='ocrx_word' id='word_1_16' title='bbox 208 762 369 830; x_wconf 83' lang='lat' dir='ltr'><strong>Ciceronis</strong></span> <span class='ocrx_word' id='word_1_17' title='bbox 403 766 475 828; x_wconf 91' lang='lat' dir='ltr'>loco</span> <span class='ocrx_word' id='word_1_18' title='bbox 504 763 611 847; x_wconf 88' lang='lat' dir='ltr'>priore</span> <span class='ocrx_word' id='word_1_19' title='bbox 641 761 796 839; x_wconf 88' lang='lat' dir='ltr'>efficitur,</span> <span class='ocrx_word' id='word_1_20' title='bbox 816 761 1094 844; x_wconf 81' lang='lat' dir='ltr'>complectebatur</span> <span class='ocrx_word' id='word_1_21' title='bbox 1112 763 1214 828; x_wconf 92' lang='lat' dir='ltr'>simul</span> 
     </span>
    </p>
   </div>
   <div class='ocr_carea' id='block_1_3' title="bbox 207 878 1213 967">
    <p class='ocr_par' dir='ltr' id='par_1_3' title="bbox 207 878 1213 967">
     <span class='ocr_line' id='line_1_5' title="bbox 207 878 1213 967; baseline 0.002 -22"><span class='ocrx_word' id='word_1_22' title='bbox 207 885 363 946; x_wconf 91' lang='lat' dir='ltr'>nonnulla</span> <span class='ocrx_word' id='word_1_23' title='bbox 379 883 418 946; x_wconf 93' lang='lat' dir='ltr'>de</span> <span class='ocrx_word' id='word_1_24' title='bbox 439 882 571 965; x_wconf 78' lang='lat' dir='ltr'>pascuis.</span> <span class='ocrx_word' id='word_1_25' title='bbox 600 879 768 966; x_wconf 77' lang='lat' dir='ltr'>Agebatur</span> <span class='ocrx_word' id='word_1_26' title='bbox 779 878 881 965; x_wconf 76' lang='lat' dir='ltr'>igitur</span> <span class='ocrx_word' id='word_1_27' title='bbox 892 882 931 943; x_wconf 90' lang='lat' dir='ltr'>de</span> <span class='ocrx_word' id='word_1_28' title='bbox 940 882 1001 946; x_wconf 88' lang='lat' dir='ltr'>hac</span> <span class='ocrx_word' id='word_1_29' title='bbox 1012 883 1084 967; x_wconf 70' lang='lat' dir='ltr'>lege</span> <span class='ocrx_word' id='word_1_30' title='bbox 1103 881 1140 946; x_wconf 93' lang='lat' dir='ltr'>in</span> <span class='ocrx_word' id='word_1_31' title='bbox 1158 905 1213 947; x_wconf 88' lang='lat' dir='ltr'>se·</span> 
     </span>
    </p>
   </div>
   <div class='ocr_carea' id='block_1_4' title="bbox 133 999 1221 3343">
    <p class='ocr_par' dir='ltr' id='par_1_4' title="bbox 133 999 1221 3343">
     <span class='ocr_line' id='line_1_6' title="bbox 207 999 1212 1085; baseline 0.003 -22"><span class='ocrx_word' id='word_1_32' title='bbox 207 1013 297 1076; x_wconf 82' lang='lat' dir='ltr'>natu,</span> <span class='ocrx_word' id='word_1_33' title='bbox 319 1022 402 1085; x_wconf 92' lang='lat' dir='ltr'>quae</span> <span class='ocrx_word' id='word_1_34' title='bbox 414 1000 628 1066; x_wconf 85' lang='lat' dir='ltr'>verisimiliter</span> <span class='ocrx_word' id='word_1_35' title='bbox 640 999 731 1063; x_wconf 77' lang='lat' dir='ltr'>breti</span> <span class='ocrx_word' id='word_1_36' title='bbox 744 1012 819 1063; x_wconf 82' lang='lat' dir='ltr'>unte</span> <span class='ocrx_word' id='word_1_37' title='bbox 830 1002 916 1083; x_wconf 85' lang='lat' dir='ltr'>jussa</span> <span class='ocrx_word' id='word_1_38' title='bbox 928 1020 946 1062; x_wconf 93' lang='lat' dir='ltr'>a</span> <span class='ocrx_word' id='word_1_39' title='bbox 957 1002 1082 1083; x_wconf 92' lang='lat' dir='ltr'>populo</span> <span class='ocrx_word' id='word_1_40' title='bbox 1092 1003 1212 1066; x_wconf 84' lang='lat' dir='ltr'>fuerat.</span> 
     </span>
     <span class='ocr_line' id='line_1_7' title="bbox 133 1098 1215 1206; baseline 0.004 -25"><span class='ocrx_word' id='word_1_41' title='bbox 133 1098 141 1159; x_wconf 68' lang='grc' dir='ltr'>Ῑ</span> <span class='ocrx_word' id='word_1_42' title='bbox 252 1116 328 1202; x_wconf 87' lang='lat' dir='ltr'>Quo</span> <span class='ocrx_word' id='word_1_43' title='bbox 348 1140 425 1184; x_wconf 88' lang='lat' dir='ltr'>veru</span> <span class='ocrx_word' id='word_1_44' title='bbox 460 1119 591 1183; x_wconf 86' lang='lat' dir='ltr'>consilio</span> <span class='ocrx_word' id='word_1_45' title='bbox 621 1139 751 1203; x_wconf 82' lang='lat' dir='ltr'>quaque</span> <span class='ocrx_word' id='word_1_46' title='bbox 784 1119 1029 1202; x_wconf 77' lang='lat' dir='ltr'>opportunitate</span> <span class='ocrx_word' id='word_1_47' title='bbox 1059 1141 1156 1206; x_wconf 71' lang='lat' dir='ltr'>agere</span> <span class='ocrx_word' id='word_1_48' title='bbox 1173 1122 1215 1185; x_wconf 89' lang='lat' dir='ltr'>de</span> 
     </span>
     <span class='ocr_line' id='line_1_8' title="bbox 212 1236 1213 1322; baseline 0.003 -23"><span class='ocrx_word' id='word_1_49' title='bbox 212 1257 250 1300; x_wconf 83' lang='lat' dir='ltr'>eu</span> <span class='ocrx_word' id='word_1_50' title='bbox 271 1236 418 1302; x_wconf 83' lang='lat' dir='ltr'>Patribus</span> <span class='ocrx_word' id='word_1_51' title='bbox 445 1237 591 1322; x_wconf 79' lang='lat' dir='ltr'>placuit?</span> <span class='ocrx_word' id='word_1_52' title='bbox 635 1237 842 1301; x_wconf 89' lang='lat' dir='ltr'>Deliberandi</span> <span class='ocrx_word' id='word_1_53' title='bbox 873 1258 1002 1301; x_wconf 85' lang='lat' dir='ltr'>eausam</span> <span class='ocrx_word' id='word_1_54' title='bbox 1035 1237 1089 1300; x_wconf 82' lang='lat' dir='ltr'>vix</span> <span class='ocrx_word' id='word_1_55' title='bbox 1125 1237 1213 1304; x_wconf 88' lang='lat' dir='ltr'>aliud</span> 
     </span>
     <span class='ocr_line' id='line_1_9' title="bbox 209 1354 1215 1440; baseline 0.003 -22"><span class='ocrx_word' id='word_1_56' title='bbox 209 1355 352 1420; x_wconf 86' lang='lat' dir='ltr'>attulisse</span> <span class='ocrx_word' id='word_1_57' title='bbox 376 1371 481 1440; x_wconf 87' lang='lat' dir='ltr'>putu,</span> <span class='ocrx_word' id='word_1_58' title='bbox 500 1377 602 1440; x_wconf 88' lang='lat' dir='ltr'>quam</span> <span class='ocrx_word' id='word_1_59' title='bbox 624 1354 876 1420; x_wconf 85' lang='lat' dir='ltr'>controversiam</span> <span class='ocrx_word' id='word_1_60' title='bbox 899 1376 939 1418; x_wconf 82' lang='lat' dir='ltr'>ex</span> <span class='ocrx_word' id='word_1_61' title='bbox 961 1357 1031 1440; x_wconf 77' lang='lat' dir='ltr'>lege</span> <span class='ocrx_word' id='word_1_62' title='bbox 1050 1376 1118 1419; x_wconf 89' lang='lat' dir='ltr'>non</span> <span class='ocrx_word' id='word_1_63' title='bbox 1138 1358 1215 1439; x_wconf 86' lang='lat' dir='ltr'>jure</span> 
     </span>
     <span class='ocr_line' id='line_1_10' title="bbox 211 1471 1217 1557; baseline 0.002 -20"><span class='ocrx_word' id='word_1_64' title='bbox 211 1486 244 1537; x_wconf 87' lang='lat' dir='ltr'>et</span> <span class='ocrx_word' id='word_1_65' title='bbox 268 1486 382 1538; x_wconf 90' lang='lat' dir='ltr'>contra</span> <span class='ocrx_word' id='word_1_66' title='bbox 401 1474 543 1557; x_wconf 83' lang='lat' dir='ltr'>auspicia</span> <span class='ocrx_word' id='word_1_67' title='bbox 563 1477 627 1538; x_wconf 90' lang='lat' dir='ltr'>lata</span> <span class='ocrx_word' id='word_1_68' title='bbox 650 1476 842 1557; x_wconf 84' lang='lat' dir='ltr'>profectam.</span> <span class='ocrx_word' id='word_1_69' title='bbox 875 1471 1073 1538; x_wconf 87' lang='lat' dir='ltr'>Peccabatur</span> <span class='ocrx_word' id='word_1_70' title='bbox 1094 1474 1217 1539; x_wconf 87' lang='lat' dir='ltr'>ineam</span> 
     </span>
     <span class='ocr_line' id='line_1_11' title="bbox 209 1591 1217 1678; baseline 0.006 -24"><span class='ocrx_word' id='word_1_71' title='bbox 209 1603 309 1675; x_wconf 91' lang='lat' dir='ltr'>atque</span> <span class='ocrx_word' id='word_1_72' title='bbox 328 1612 347 1654; x_wconf 84' lang='lat' dir='ltr'><strong>a</strong></span> <span class='ocrx_word' id='word_1_73' title='bbox 367 1591 574 1674; x_wconf 78' lang='lat' dir='ltr'>peccantibus</span> <span class='ocrx_word' id='word_1_74' title='bbox 602 1591 783 1678; x_wconf 73' lang='lat' dir='ltr'>negebatur</span> <span class='ocrx_word' id='word_1_75' title='bbox 809 1613 842 1655; x_wconf 88' lang='lat' dir='ltr'>se</span> <span class='ocrx_word' id='word_1_76' title='bbox 873 1592 944 1657; x_wconf 87' lang='lat' dir='ltr'>ullis</span> <span class='ocrx_word' id='word_1_77' title='bbox 972 1593 1051 1678; x_wconf 77' lang='lat' dir='ltr'>legis</span> <span class='ocrx_word' id='word_1_78' title='bbox 1079 1593 1217 1660; x_wconf 83' lang='lat' dir='ltr'>vinculis</span> 
     </span>
     <span class='ocr_line' id='line_1_12' title="bbox 208 1709 1218 1797; baseline 0.002 -22"><span class='ocrx_word' id='word_1_79' title='bbox 208 1709 374 1797; x_wconf 55' lang='lat' dir='ltr'>adstringit</span> <span class='ocrx_word' id='word_1_80' title='bbox 418 1709 567 1775; x_wconf 90' lang='lat' dir='ltr'>Fuerunt</span> <span class='ocrx_word' id='word_1_81' title='bbox 588 1710 645 1794; x_wconf 93' lang='lat' dir='ltr'>qui</span> <span class='ocrx_word' id='word_1_82' title='bbox 669 1709 704 1773; x_wconf 93' lang='lat' dir='ltr'>in</span> <span class='ocrx_word' id='word_1_83' title='bbox 722 1723 835 1773; x_wconf 88' lang='lat' dir='ltr'>senatu</span> <span class='ocrx_word' id='word_1_84' title='bbox 856 1715 1044 1794; x_wconf 84' lang='lat' dir='ltr'>exemplum</span> <span class='ocrx_word' id='word_1_85' title='bbox 1062 1713 1218 1777; x_wconf 76' lang='lat' dir='ltr'>afferrent</span> 
     </span>
     <span class='ocr_line' id='line_1_13' title="bbox 209 1827 1216 1913; baseline 0.004 -21"><span class='ocrx_word' id='word_1_86' title='bbox 209 1827 347 1904; x_wconf 90' lang='lat' dir='ltr'>Lucilii,</span> <span class='ocrx_word' id='word_1_87' title='bbox 370 1828 460 1911; x_wconf 85' lang='lat' dir='ltr'>cujus</span> <span class='ocrx_word' id='word_1_88' title='bbox 479 1848 595 1910; x_wconf 87' lang='lat' dir='ltr'>pecore</span> <span class='ocrx_word' id='word_1_89' title='bbox 618 1840 777 1891; x_wconf 83' lang='lat' dir='ltr'>comteret</span> <span class='ocrx_word' id='word_1_90' title='bbox 791 1828 1216 1913; x_wconf 75' lang='lat' dir='ltr'>egrospublicosdepasci1.</span> 
     </span>
     <span class='ocr_line' id='line_1_14' title="bbox 209 1943 1217 2032; baseline 0.005 -24"><span class='ocrx_word' id='word_1_91' title='bbox 209 1943 300 2029; x_wconf 90' lang='lat' dir='ltr'>Quae</span> <span class='ocrx_word' id='word_1_92' title='bbox 333 1945 461 2010; x_wconf 90' lang='lat' dir='ltr'>licentia</span> <span class='ocrx_word' id='word_1_93' title='bbox 492 1966 533 2008; x_wconf 91' lang='lat' dir='ltr'>ne</span> <span class='ocrx_word' id='word_1_94' title='bbox 561 1947 631 2031; x_wconf 71' lang='lat' dir='ltr'>lege</span> <span class='ocrx_word' id='word_1_95' title='bbox 664 1943 767 2010; x_wconf 82' lang='lat' dir='ltr'>inviut</span> <span class='ocrx_word' id='word_1_96' title='bbox 787 1947 841 2010; x_wconf 88' lang='lat' dir='ltr'>sed</span> <span class='ocrx_word' id='word_1_97' title='bbox 864 1945 995 2009; x_wconf 71' lang='lat' dir='ltr'>innoxii</span> <span class='ocrx_word' id='word_1_98' title='bbox 1017 1962 1217 2032; x_wconf 73' lang='lat' dir='ltr'>grassaretur</span> 
     </span>
     <span class='ocr_line' id='line_1_15' title="bbox 209 2063 1219 2146; baseline 0.007 -21"><span class='ocrx_word' id='word_1_99' title='bbox 209 2063 365 2145; x_wconf 90' lang='lat' dir='ltr'>amplius,</span> <span class='ocrx_word' id='word_1_100' title='bbox 400 2063 505 2128; x_wconf 84' lang='lat' dir='ltr'>caveri</span> <span class='ocrx_word' id='word_1_101' title='bbox 534 2076 684 2146; x_wconf 87' lang='lat' dir='ltr'>oportere</span> <span class='ocrx_word' id='word_1_102' title='bbox 715 2063 752 2128; x_wconf 88' lang='lat' dir='ltr'>iis</span> <span class='ocrx_word' id='word_1_103' title='bbox 778 2063 966 2141; x_wconf 82' lang='lat' dir='ltr'>videbatur,</span> <span class='ocrx_word' id='word_1_104' title='bbox 989 2079 1022 2129; x_wconf 89' lang='lat' dir='ltr'>et</span> <span class='ocrx_word' id='word_1_105' title='bbox 1044 2068 1085 2130; x_wconf 87' lang='lat' dir='ltr'>de</span> <span class='ocrx_word' id='word_1_106' title='bbox 1106 2081 1219 2132; x_wconf 83' lang='lat' dir='ltr'>custo·</span> 
     </span>
     <span class='ocr_line' id='line_1_16' title="bbox 208 2180 1218 2268; baseline 0.008 -24"><span class='ocrx_word' id='word_1_107' title='bbox 208 2180 331 2245; x_wconf 86' lang='lat' dir='ltr'>diendis</span> <span class='ocrx_word' id='word_1_108' title='bbox 350 2180 433 2266; x_wconf 75' lang='lat' dir='ltr'>agris</span> <span class='ocrx_word' id='word_1_109' title='bbox 454 2180 590 2263; x_wconf 90' lang='lat' dir='ltr'>publicis</span> <span class='ocrx_word' id='word_1_110' title='bbox 606 2225 614 2250; x_wconf 90' lang='lat'>,</span> <span class='ocrx_word' id='word_1_111' title='bbox 633 2181 817 2264; x_wconf 86' lang='lat' dir='ltr'>finibusque</span> <span class='ocrx_word' id='word_1_112' title='bbox 836 2182 1059 2268; x_wconf 71' lang='lat' dir='ltr'>designandis,</span> <span class='ocrx_word' id='word_1_113' title='bbox 1083 2188 1218 2252; x_wconf 84' lang='lat' dir='ltr'>tortasse</span> 
     </span>
     <span class='ocr_line' id='line_1_17' title="bbox 209 2297 1219 2383; baseline 0.006 -21"><span class='ocrx_word' id='word_1_114' title='bbox 209 2301 250 2362; x_wconf 91' lang='lat' dir='ltr'>de</span> <span class='ocrx_word' id='word_1_115' title='bbox 278 2297 487 2363; x_wconf 70' lang='lat' dir='ltr'>instaurandi</span> <span class='ocrx_word' id='word_1_116' title='bbox 519 2299 589 2383; x_wconf 77' lang='lat' dir='ltr'>lege</span> <span class='ocrx_word' id='word_1_117' title='bbox 622 2299 678 2361; x_wconf 93' lang='lat' dir='ltr'>sed</span> <span class='ocrx_word' id='word_1_118' title='bbox 708 2297 914 2364; x_wconf 72' lang='lat' dir='ltr'>immutandis</span> <span class='ocrx_word' id='word_1_119' title='bbox 940 2302 1070 2366; x_wconf 85' lang='lat' dir='ltr'>consilia</span> <span class='ocrx_word' id='word_1_120' title='bbox 1105 2303 1219 2370; x_wconf 85' lang='lat' dir='ltr'>inituri</span> 
     </span>
     <span class='ocr_line' id='line_1_18' title="bbox 209 2414 1216 2502; baseline 0.006 -21"><span class='ocrx_word' id='word_1_121' title='bbox 209 2429 323 2494; x_wconf 86' lang='lat' dir='ltr'>erunt,</span> <span class='ocrx_word' id='word_1_122' title='bbox 350 2428 388 2480; x_wconf 91' lang='lat' dir='ltr'>ut</span> <span class='ocrx_word' id='word_1_123' title='bbox 419 2414 604 2502; x_wconf 78' lang='lat' dir='ltr'>vectigalia,</span> <span class='ocrx_word' id='word_1_124' title='bbox 629 2415 760 2499; x_wconf 89' lang='lat' dir='ltr'>imperii</span> <span class='ocrx_word' id='word_1_125' title='bbox 787 2418 1047 2500; x_wconf 88' lang='lat' dir='ltr'>patrimonium,</span> <span class='ocrx_word' id='word_1_126' title='bbox 1071 2420 1216 2488; x_wconf 85' lang='lat' dir='ltr'>vindica·</span> 
     </span>
     <span class='ocr_line' id='line_1_19' title="bbox 210 2530 1219 2624; baseline 0.007 -24"><span class='ocrx_word' id='word_1_127' title='bbox 210 2549 325 2600; x_wconf 87' lang='lat' dir='ltr'>rentur</span> <span class='ocrx_word' id='word_1_128' title='bbox 348 2533 481 2599; x_wconf 86' lang='lat' dir='ltr'>aerario.</span> <span class='ocrx_word' id='word_1_129' title='bbox 526 2530 592 2598; x_wconf 87' lang='lat' dir='ltr'>Sed</span> <span class='ocrx_word' id='word_1_130' title='bbox 623 2554 696 2597; x_wconf 86' lang='lat' dir='ltr'>eam</span> <span class='ocrx_word' id='word_1_131' title='bbox 719 2533 854 2618; x_wconf 91' lang='lat' dir='ltr'>quidem</span> <span class='ocrx_word' id='word_1_132' title='bbox 885 2537 1093 2604; x_wconf 88' lang='lat' dir='ltr'>consiliorum</span> <span class='ocrx_word' id='word_1_133' title='bbox 1125 2563 1219 2624; x_wconf 88' lang='lat' dir='ltr'>spem</span> 
     </span>
     <span class='ocr_line' id='line_1_20' title="bbox 209 2651 1219 2738; baseline 0.009 -21"><span class='ocrx_word' id='word_1_134' title='bbox 209 2654 360 2738; x_wconf 86' lang='lat' dir='ltr'>proxima</span> <span class='ocrx_word' id='word_1_135' title='bbox 386 2651 560 2718; x_wconf 88' lang='lat' dir='ltr'>tribunicia</span> <span class='ocrx_word' id='word_1_136' title='bbox 587 2651 734 2738; x_wconf 75' lang='lat' dir='ltr'>rogati0,</span> <span class='ocrx_word' id='word_1_137' title='bbox 772 2673 838 2737; x_wconf 90' lang='lat' dir='ltr'>qua</span> <span class='ocrx_word' id='word_1_138' title='bbox 867 2654 993 2720; x_wconf 85' lang='lat' dir='ltr'>sublata</span> <span class='ocrx_word' id='word_1_139' title='bbox 1033 2672 1111 2723; x_wconf 86' lang='lat' dir='ltr'>sunt</span> <span class='ocrx_word' id='word_1_140' title='bbox 1145 2683 1219 2726; x_wconf 87' lang='lat' dir='ltr'>veo·</span> 
     </span>
     <span class='ocr_line' id='line_1_21' title="bbox 209 2769 1219 2858; baseline 0.01 -23"><span class='ocrx_word' id='word_1_141' title='bbox 209 2772 340 2858; x_wconf 80' lang='lat' dir='ltr'>tigalia,</span> <span class='ocrx_word' id='word_1_142' title='bbox 385 2774 544 2837; x_wconf 85' lang='lat' dir='ltr'>referente</span> <span class='ocrx_word' id='word_1_143' title='bbox 575 2769 744 2854; x_wconf 77' lang='lat' dir='ltr'>Appiam,</span> <span class='ocrx_word' id='word_1_144' title='bbox 774 2772 879 2838; x_wconf 86' lang='lat' dir='ltr'>elusit.</span> <span class='ocrx_word' id='word_1_145' title='bbox 933 2771 1012 2857; x_wconf 84' lang='lat' dir='ltr'>Quis</span> <span class='ocrx_word' id='word_1_146' title='bbox 1036 2777 1090 2840; x_wconf 93' lang='lat' dir='ltr'>ille</span> <span class='ocrx_word' id='word_1_147' title='bbox 1118 2780 1219 2845; x_wconf 81' lang='lat' dir='ltr'>tuerit</span> 
     </span>
     <span class='ocr_line' id='line_1_22' title="bbox 212 2887 1219 2980; baseline 0.01 -26"><span class='ocrx_word' id='word_1_148' title='bbox 212 2887 338 2972; x_wconf 91' lang='lat' dir='ltr'>Appius</span> <span class='ocrx_word' id='word_1_149' title='bbox 374 2891 503 2974; x_wconf 83' lang='lat' dir='ltr'>major,</span> <span class='ocrx_word' id='word_1_150' title='bbox 532 2912 552 2954; x_wconf 82' lang='lat' dir='ltr'><strong>a</strong></span> <span class='ocrx_word' id='word_1_151' title='bbox 581 2888 738 2956; x_wconf 89' lang='lat' dir='ltr'>Cicerone</span> <span class='ocrx_word' id='word_1_152' title='bbox 765 2906 987 2969; x_wconf 88' lang='lat' dir='ltr'>memoratus,</span> <span class='ocrx_word' id='word_1_153' title='bbox 1018 2894 1219 2980; x_wconf 74' lang='lat' dir='ltr'>ignoramus.</span> 
     </span>
     <span class='ocr_line' id='line_1_23' title="bbox 214 3004 1220 3092; baseline 0.012 -24"><span class='ocrx_word' id='word_1_154' title='bbox 214 3006 343 3092; x_wconf 77' lang='lat' dir='ltr'>Pighius</span> <span class='ocrx_word' id='word_1_155' title='bbox 364 3004 511 3090; x_wconf 88' lang='lat' dir='ltr'>Appium</span> <span class='ocrx_word' id='word_1_156' title='bbox 535 3006 709 3073; x_wconf 89' lang='lat' dir='ltr'>Claudium</span> <span class='ocrx_word' id='word_1_157' title='bbox 730 3008 885 3074; x_wconf 90' lang='lat' dir='ltr'>Pulcrum</span> <span class='ocrx_word' id='word_1_158' title='bbox 908 3011 1084 3090; x_wconf 82' lang='lat' dir='ltr'>intellexit,</span> <span class='ocrx_word' id='word_1_159' title='bbox 1111 3017 1220 3081; x_wconf 89' lang='lat' dir='ltr'>filium</span> 
     </span>
     <span class='ocr_line' id='line_1_24' title="bbox 218 3123 1220 3216; baseline 0.014 -28"><span class='ocrx_word' id='word_1_160' title='bbox 218 3124 395 3207; x_wconf 83' lang='lat' dir='ltr'>suspicatus</span> <span class='ocrx_word' id='word_1_161' title='bbox 416 3125 511 3190; x_wconf 83' lang='lat' dir='ltr'>fuisse</span> <span class='ocrx_word' id='word_1_162' title='bbox 531 3123 630 3209; x_wconf 89' lang='lat' dir='ltr'>Appii</span> <span class='ocrx_word' id='word_1_163' title='bbox 650 3123 777 3191; x_wconf 91' lang='lat' dir='ltr'>Claudii</span> <span class='ocrx_word' id='word_1_164' title='bbox 805 3130 977 3194; x_wconf 86' lang='lat' dir='ltr'>consularis</span> <span class='ocrx_word' id='word_1_165' title='bbox 994 3145 1092 3216; x_wconf 83' lang='lat' dir='ltr'>etque</span> <span class='ocrx_word' id='word_1_166' title='bbox 1111 3155 1220 3201; x_wconf 79' lang='lat' dir='ltr'>censo</span> 
     </span>
     <span class='ocr_line' id='line_1_25' title="bbox 213 3241 1221 3343; baseline 0.013 -35"><span class='ocrx_word' id='word_1_167' title='bbox 213 3243 275 3319; x_wconf 91' lang='lat' dir='ltr'>rii,</span> <span class='ocrx_word' id='word_1_168' title='bbox 300 3242 357 3327; x_wconf 92' lang='lat' dir='ltr'>qui</span> <span class='ocrx_word' id='word_1_169' title='bbox 388 3246 428 3307; x_wconf 89' lang='lat' dir='ltr'>de</span> <span class='ocrx_word' id='word_1_170' title='bbox 462 3241 588 3308; x_wconf 74' lang='lat' dir='ltr'>Salauris</span> <span class='ocrx_word' id='word_1_171' title='bbox 618 3244 871 3328; x_wconf 78' lang='lat' dir='ltr'>triumphavit2.</span> <span class='ocrx_word' id='word_1_172' title='bbox 921 3245 1019 3333; x_wconf 89' lang='lat' dir='ltr'>Quod</span> <span class='ocrx_word' id='word_1_173' title='bbox 1043 3272 1082 3315; x_wconf 89' lang='lat' dir='ltr'>eo</span> <span class='ocrx_word' id='word_1_174' title='bbox 1116 3256 1221 3343; x_wconf 73' lang='lat' dir='ltr'>magis</span> 
     </span>
    </p>
   </div>
   <div class='ocr_carea' id='block_1_5' title="bbox 217 3528 1222 3790">
    <p class='ocr_par' dir='ltr' id='par_1_5' title="bbox 217 3528 1222 3790">
     <span class='ocr_line' id='line_1_26' title="bbox 251 3528 1222 3607; baseline 0.02 -28"><span class='ocrx_word' id='word_1_175' title='bbox 251 3546 264 3582; x_wconf 85' lang='lat'>1</span> <span class='ocrx_word' id='word_1_176' title='bbox 301 3528 381 3580; x_wconf 84' lang='lat' dir='ltr'>Haud</span> <span class='ocrx_word' id='word_1_177' title='bbox 398 3529 484 3580; x_wconf 86' lang='lat' dir='ltr'>alienu</span> <span class='ocrx_word' id='word_1_178' title='bbox 503 3528 692 3584; x_wconf 79' lang='lat' dir='ltr'>existimantur</span> <span class='ocrx_word' id='word_1_179' title='bbox 709 3549 750 3598; x_wconf 85' lang='lat' dir='ltr'>eu,</span> <span class='ocrx_word' id='word_1_180' title='bbox 769 3551 838 3604; x_wconf 84' lang='lat' dir='ltr'>quae</span> <span class='ocrx_word' id='word_1_181' title='bbox 858 3539 880 3588; x_wconf 83' lang='lat'><em>0</em></span> <span class='ocrx_word' id='word_1_182' title='bbox 887 3538 899 3588; x_wconf 88' lang='lat' dir='ltr'>i</span> <span class='ocrx_word' id='word_1_183' title='bbox 913 3557 937 3589; x_wconf 84' lang='lat' dir='ltr'>c.</span> <span class='ocrx_word' id='word_1_184' title='bbox 953 3539 994 3590; x_wconf 85' lang='lat' dir='ltr'>ad</span> <span class='ocrx_word' id='word_1_185' title='bbox 1009 3540 1222 3607; x_wconf 77' lang='lat' dir='ltr'>Att.11,15,t</span> 
     </span>
     <span class='ocr_line' id='line_1_27' title="bbox 217 3629 1222 3709; baseline 0.014 -31"><span class='ocrx_word' id='word_1_186' title='bbox 217 3632 362 3678; x_wconf 85' lang='lat' dir='ltr'>memorat:</span> <span class='ocrx_word' id='word_1_187' title='bbox 393 3629 541 3679; x_wconf 82' lang='lat' dir='ltr'>Terentiae</span> <span class='ocrx_word' id='word_1_188' title='bbox 560 3636 698 3696; x_wconf 84' lang='lat' dir='ltr'>pergrata</span> <span class='ocrx_word' id='word_1_189' title='bbox 723 3640 766 3682; x_wconf 87' lang='lat' dir='ltr'>est</span> <span class='ocrx_word' id='word_1_190' title='bbox 783 3633 939 3685; x_wconf 83' lang='lat' dir='ltr'>assiduitas</span> <span class='ocrx_word' id='word_1_191' title='bbox 954 3643 1006 3685; x_wconf 85' lang='lat' dir='ltr'>tna</span> <span class='ocrx_word' id='word_1_192' title='bbox 1022 3644 1050 3686; x_wconf 87' lang='lat' dir='ltr'>et</span> <span class='ocrx_word' id='word_1_193' title='bbox 1066 3637 1222 3709; x_wconf 81' lang='lat' dir='ltr'>diligentia</span> 
     </span>
     <span class='ocr_line' id='line_1_28' title="bbox 217 3723 1220 3790; baseline 0.013 -14"><span class='ocrx_word' id='word_1_194' title='bbox 217 3727 247 3776; x_wconf 90' lang='lat' dir='ltr'>in</span> <span class='ocrx_word' id='word_1_195' title='bbox 277 3725 466 3775; x_wconf 80' lang='lat' dir='ltr'>controversia</span> <span class='ocrx_word' id='word_1_196' title='bbox 481 3723 641 3783; x_wconf 68' lang='lat' dir='ltr'>Muluiana.</span> <span class='ocrx_word' id='word_1_197' title='bbox 672 3727 771 3779; x_wconf 80' lang='lat' dir='ltr'>Nescit</span> <span class='ocrx_word' id='word_1_198' title='bbox 786 3731 899 3782; x_wconf 85' lang='lat' dir='ltr'>omnino</span> <span class='ocrx_word' id='word_1_199' title='bbox 918 3740 945 3783; x_wconf 92' lang='lat' dir='ltr'>te</span> <span class='ocrx_word' id='word_1_200' title='bbox 962 3750 1132 3786; x_wconf 85' lang='lat' dir='ltr'>communem</span> <span class='ocrx_word' id='word_1_201' title='bbox 1149 3756 1220 3790; x_wconf 85' lang='lat' dir='ltr'>eau-</span> 
     </span>
    </p>
   </div>
   <div class='ocr_carea' id='block_1_6' title="bbox 216 3821 1226 3900">
    <p class='ocr_par' dir='ltr' id='par_1_6' title="bbox 216 3821 1226 3900">
     <span class='ocr_line' id='line_1_29' title="bbox 216 3821 1226 3900; baseline 0.017 -28"><span class='ocrx_word' id='word_1_202' title='bbox 216 3839 279 3873; x_wconf 84' lang='lat' dir='ltr'>sam</span> <span class='ocrx_word' id='word_1_203' title='bbox 313 3821 455 3890; x_wconf 80' lang='lat' dir='ltr'>defendere</span> <span class='ocrx_word' id='word_1_204' title='bbox 483 3837 596 3885; x_wconf 84' lang='lat' dir='ltr'>eorum,</span> <span class='ocrx_word' id='word_1_205' title='bbox 625 3823 676 3893; x_wconf 81' lang='lat' dir='ltr'>qui</span> <span class='ocrx_word' id='word_1_206' title='bbox 701 3841 783 3894; x_wconf 81' lang='lat' dir='ltr'>agros</span> <span class='ocrx_word' id='word_1_207' title='bbox 800 3827 931 3896; x_wconf 84' lang='lat' dir='ltr'>publicos</span> <span class='ocrx_word' id='word_1_208' title='bbox 956 3831 1132 3900; x_wconf 81' lang='lat' dir='ltr'>possideant.</span> <span class='ocrx_word' id='word_1_209' title='bbox 1170 3839 1226 3888; x_wconf 84' lang='lat' dir='ltr'>Sed</span> 
     </span>
    </p>
   </div>
   <div class='ocr_carea' id='block_1_7' title="bbox 220 3915 1223 4080">
    <p class='ocr_par' dir='ltr' id='par_1_7' title="bbox 220 3915 1223 4080">
     <span class='ocr_line' id='line_1_30' title="bbox 220 3915 1223 3992; baseline 0.016 -22"><span class='ocrx_word' id='word_1_210' title='bbox 220 3927 314 3970; x_wconf 85' lang='lat' dir='ltr'>tamen</span> <span class='ocrx_word' id='word_1_211' title='bbox 341 3925 373 3968; x_wconf 84' lang='lat' dir='ltr'>tu</span> <span class='ocrx_word' id='word_1_212' title='bbox 399 3915 512 3986; x_wconf 83' lang='lat' dir='ltr'>aliquid</span> <span class='ocrx_word' id='word_1_213' title='bbox 529 3918 696 3987; x_wconf 79' lang='lat' dir='ltr'>publicanis</span> <span class='ocrx_word' id='word_1_214' title='bbox 718 3920 838 3992; x_wconf 82' lang='lat' dir='ltr'>pendis.-</span> <span class='ocrx_word' id='word_1_215' title='bbox 861 3925 931 3978; x_wconf 77' lang='lat' dir='ltr'>haec</span> <span class='ocrx_word' id='word_1_216' title='bbox 948 3929 1036 3979; x_wconf 84' lang='lat' dir='ltr'>etiam</span> <span class='ocrx_word' id='word_1_217' title='bbox 1052 3929 1084 3982; x_wconf 83' lang='lat' dir='ltr'>id</span> <span class='ocrx_word' id='word_1_218' title='bbox 1099 3943 1223 3987; x_wconf 85' lang='lat' dir='ltr'>recusat.</span> 
     </span>
     <span class='ocr_line' id='line_1_31' title="bbox 220 4011 595 4080; baseline 0.003 -13"><span class='ocrx_word' id='word_1_219' title='bbox 220 4014 265 4071; x_wconf 77' lang='lat' dir='ltr'>Cf.</span> <span class='ocrx_word' id='word_1_220' title='bbox 284 4017 407 4068; x_wconf 76' lang='lat' dir='ltr'>Burin.</span> <span class='ocrx_word' id='word_1_221' title='bbox 424 4011 447 4066; x_wconf 87' lang='lat' dir='ltr'>l.</span> <span class='ocrx_word' id='word_1_222' title='bbox 464 4011 486 4064; x_wconf 82' lang='lat'>1.</span> <span class='ocrx_word' id='word_1_223' title='bbox 503 4029 533 4080; x_wconf 83' lang='lat' dir='ltr'>p.</span> <span class='ocrx_word' id='word_1_224' title='bbox 550 4016 595 4069; x_wconf 80' lang='grc'>41.</span> 
     </span>
    </p>
   </div>
   <div class='ocr_carea' id='block_1_8' title="bbox 494 4124 539 4164">
    <p class='ocr_par' dir='ltr' id='par_1_8' title="bbox 494 4124 539 4164">
     <span class='ocr_line' id='line_1_32' title="bbox 494 4124 539 4164; baseline 0 0"><span class='ocrx_word' id='word_1_225' title='bbox 494 4124 539 4164; x_wconf 54' lang='grc' dir='ltr'>ὓιθ</span> 
     </span>
    </p>
   </div>
   <div class='ocr_carea' id='block_1_9' title="bbox 0 0 1303 4756">
    <p class='ocr_par' dir='ltr' id='par_1_9' title="bbox 0 0 1303 4756">
     <span class='ocr_line' id='line_1_33' title="bbox 0 0 1303 4756; baseline 0 0"><span class='ocrx_word' id='word_1_226' title='bbox 0 0 1303 4756; x_wconf 95' lang='lat' dir='ltr'> </span> 
     </span>
    </p>
   </div>
  </div>
 </body>
</html>
