2580 4756
655 350 720 413 306

183 527 366 592 Tarentinis
403 527 580 612 ceterisque
596 527 655 612 qui
677 502 904 593 Rhintltonicis
921 527 1113 611 spectaculis
1139 528 1203 591 de-

181 647 400 724 lectarentur,
422 645 601 730 probatum
625 645 666 712 iri
685 648 797 733 jocans
819 647 1011 711 affirmabat.

227 763 276 829 Er
311 766 373 829 hao
392 763 656 829 testimoniorum
677 779 828 831 veterum
845 764 1093 852 investigatione
1118 777 1203 848 puto

183 883 394 948 manifestum
424 885 516 959 fore,
549 884 700 948 audacius
724 883 954 948 Hermannum
975 884 1137 960 statuisse,
1162 906 1201 948 ex

182 1019 215 1066 se
250 1001 362 1066 omnin
384 1000 552 1066 Lucilium
580 1000 707 1086 petiisse
734 1024 841 1088 neque
872 1006 978 1067 fulcro
1002 1003 1202 1083 extrinsecus

182 1134 314 1204 arrepto
348 1120 481 1208 eguisse.
527 1114 645 1187 tudieii
674 1123 765 1193 enim,
793 1123 936 1206 aequitas
971 1124 1139 1206 postulat,
1165 1135 1201 1186 ut

181 1254 259 1304 eum
289 1238 436 1305 dicamus
463 1241 623 1324 juvenem
654 1216 862 1324 praeclarum
889 1241 1062 1326 ingenium
1087 1241 1201 1304 aluisse

182 1373 332 1425 veterum
353 1359 489 1423 lectione
515 1371 548 1423 et
571 1359 739 1424 variorum
759 1372 979 1423 monumenta
999 1359 1201 1442 scriptorum

183 1477 356 1563 diligenter
380 1477 583 1561 pervolvisse.
630 1475 728 1562 Quod
751 1490 863 1541 autem
887 1478 1043 1542 Horatius
1064 1498 1199 1555 omnem

182 1596 371 1680 pependisse
392 1596 433 1660 ab
455 1595 610 1680 antiquae
644 1596 831 1660 comoediae
855 1595 1042 1661 auctoribus
1076 1596 1199 1681 hosque

181 1729 331 1780 secutum
358 1737 423 1779 esse
443 1714 594 1797 scripsit,
616 1737 678 1780 nec
700 1727 869 1799 praeterea
892 1714 1093 1778 memoravit
1114 1729 1200 1779 cete·

182 1852 251 1911 ros,
270 1834 389 1919 quihus
408 1832 558 1897 similiter
569 1833 725 1898 studuisse
746 1835 920 1898 censendus
937 1845 1001 1909 est,
1025 1835 1117 1897 haud
1136 1832 1199 1898 scio

182 1969 225 2018 en
253 1975 321 2016 non
348 1974 387 2018 eo
415 1955 542 2029 valeat,
565 1965 604 2016 ut
630 1955 775 2016 multum
800 1973 877 2016 eum
894 1950 1034 2016 abfuisse
1053 1951 1199 2017 dicamus

1132 2038 1140 2061 Ι

184 2095 203 2136 a
229 2073 337 2138 servili
360 2069 542 2136 imitatione
574 2092 690 2135 eornm
716 2071 773 2156 qui
796 2071 986 2135 senescentis
1006 2072 1043 2134 in
1065 2070 1197 2137 Graecia

184 2193 260 2256 artis
285 2194 432 2276 aequales
457 2194 509 2255 vel
529 2203 675 2255 auctores
694 2193 850 2264 fuerunt,
875 2202 1012 2266 contra,
1038 2189 1197 2275 quidquid

183 2310 224 2374 ab
247 2309 294 2373 his
319 2309 470 2394 petierit,
495 2309 541 2372 ita
560 2322 675 2390 suopte
698 2303 830 2394 ingenio
853 2307 1065 2392 expressisse,
1091 2323 1132 2374 ut
1142 2333 1195 2374 na·

182 2442 293 2493 turam
308 2431 446 2493 referret
468 2427 673 2511 optimorum
693 2430 922 2510 exemplorum
943 2425 1051 2491 studio
1070 2441 1188 2494 auctam

184 2558 216 2612 et
250 2549 419 2632 adjutam,
449 2549 503 2611 sed
524 2545 615 2609 nullai
638 2545 714 2609 artis
733 2543 813 2609 curd
838 2544 1027 2627 expolitam.
1076 2543 1195 2629 Super-

183 2681 229 2731 est
243 2714 251 2744 ,
276 2680 314 2731 ut
326 2665 528 2730 mentionem
540 2665 695 2730 faciamus
709 2663 824 2727 incerti
835 2662 1000 2745 scriptoris
1013 2661 1054 2726 ds
1064 2674 1197 2750 tragoe-

183 2785 245 2849 dia
269 2798 300 2848 et
323 2784 512 2861 comoedia,
537 2805 637 2869 quem
660 2783 712 2847 alii
724 2783 907 2858 Donatum,
933 2781 985 2844 alii
996 2780 1196 2869 Evanthium

183 2918 324 2970 censent.
347 2905 470 2983 Locus,
496 2903 553 2988 qui
577 2905 618 2966 ad
630 2916 776 2966 nostram
789 2885 1046 2987 disquisitionem
1059 2900 1199 2985 pertine·

183 3046 218 3088 re
243 3037 390 3088 censetur
404 3073 414 3102 ‚
437 3024 536 3107 paulo
549 3022 641 3086 aliter
652 3021 788 3104 scriptus
800 3017 966 3085 invenitur
979 3019 1013 3083 in
1029 3019 1149 3083 tirello
1161 3018 1198 3082 de

179 3117 411 3230 fabularum,
433 3139 604 3215 ludorum,
630 3139 867 3214 theatrorum,
887 3161 1071 3202 scenarum
1084 3161 1125 3203 ac
1137 3161 1200 3201 sca·

182 3264 343 3326 eticorum
378 3262 528 3346 antiqua
553 3258 817 3335 consuetudine,
849 3281 888 3321 aa
915 3260 1062 3344 optimis
1086 3270 1201 3322 aueto-

182 3382 283 3446 sibus
315 3380 476 3456 collecto,
513 3378 560 3444 ad
592 3381 736 3442 comicos
755 3377 914 3465 facilius
938 3377 1200 3466 intelligendos.

183 3501 373 3586 Utrumque
397 3499 599 3565 describam:

739 3648 810 3695 «Per
824 3647 917 3706 priscos
940 3647 1023 3706 poetas
1039 3661 1089 3701 non
1106 3650 1201 3709 penitus

708 3727 766 3780 ficta
784 3738 949 3796 argumenta,
975 3736 1019 3781 sed
1033 3747 1073 3782 res
1088 3740 1171 3800 gestae
1186 3747 1202 3780 n

215 3828 294 3874 «Fuit
324 3831 393 3872 vetus
425 3827 548 3872 comoedia
575 3826 674 3873 Graecis
709 3823 803 3870 civibus
818 3823 902 3880 palam
918 3834 974 3867 cum
1000 3835 1085 3869 eorum
1110 3835 1199 3887 saepe,

182 3917 291 3960 arcanea
314 3911 400 3970 dicta,
423 3913 480 3968 quia
498 3916 558 3957 esset
578 3913 608 3958 de
628 3925 674 3957 no·
709 3914 751 3969 qul
770 3917 902 3976 gesserant,
921 3913 1017 3958 nomine
1033 3911 1202 3957 decantaban-

183 4006 220 4049 his
238 4014 328 4060 parum
349 3998 539 4062 cognitisvitiis:
557 4000 674 4044 ilemetl-
711 4004 759 4045 tur.
794 3999 850 4045 ldeo
875 4002 927 4058 ipsa
954 4011 998 4045 suo
1024 4005 1134 4059 tempore
1149 4011 1203 4044 mo·

182 4102 224 4138 am
246 4098 405 4146 eteonymos,
421 4087 478 4143 quia
496 4088 581 4133 inesset
604 4089 629 4134 iu
645 4100 673 4132 ea
711 4090 778 4134 ribus
813 4089 917 4134 multum
954 4086 1045 4146 proluit
1080 4087 1202 4140 civllalis,
