2580 4756
526 307 590 365 trs

68 479 249 562 exposuisse
261 517 306 527 —
319 483 504 556 latendum,
526 496 650 547 tantam
673 482 874 568 Quintiliano
892 486 976 564 illas,
1002 511 1081 574 quas

69 598 292 682 praedicavit,
318 598 432 663 Lucilii
453 602 560 665 laudes
578 603 831 669 admirationem
859 608 1016 684 movisse,
1041 622 1079 672 ut

67 716 103 780 in
139 718 341 800 explorandis
368 717 451 783 vitiis
471 721 565 804 aequi
583 721 700 804 judicis
724 737 832 806 partes
854 747 919 789 non
939 727 1079 790 sustine·

21 877 23 881 -
67 850 130 901 ret.
187 834 400 921 Quamquam
432 860 512 923 non¹
530 840 762 925 negligendum
797 856 865 918 est,
901 845 1009 927 aliqua
1039 866 1078 908 ex

66 969 162 1039 parte
191 976 268 1018 eum
296 977 458 1020 assensum
478 977 541 1031 esse
559 955 694 1021 Horatio
715 957 880 1022 Lucilium
903 963 1079 1043 reprehen-

66 1073 169 1138 denti.
214 1071 280 1157 Qui
298 1095 403 1158 quum
420 1073 658 1158 perhibuisset,
672 1076 697 1140 si
717 1098 814 1140 suum
837 1077 1004 1143 inseram
1025 1079 1078 1144 ille

65 1195 191 1257 delatus
216 1195 320 1268 foret,
343 1195 448 1256 multa
470 1193 530 1257 sibi
550 1193 767 1259 detricarent
791 1218 877 1271 esse,
902 1195 1079 1280 Quintilia-

65 1332 128 1375 nus
149 1310 274 1374 Lucilio
296 1309 493 1388 Horatium,
517 1325 554 1376 ut
571 1315 678 1376 multo
699 1316 880 1377 tersiorem
901 1328 933 1378 et
952 1336 1076 1398 purum

65 1429 172 1515 magis
188 1475 197 1504 ,
222 1428 403 1512 anteposuit
417 1429 444 1493 ¹.

111 1546 279 1610 Praeterea
314 1548 543 1611 memorandus
576 1560 625 1612 est
651 1545 955 1615 Commentator
977 1549 1077 1616 Cru-

65 1665 260 1750 quianus,
284 1665 341 1748 qui
363 1668 403 1728 ad
422 1664 547 1729 Horatii
568 1666 701 1730 satiram
717 1668 860 1750 primam
876 1671 954 1733 baec
965 1684 1076 1734 notat:

66 1781 215 1869 «Satyra
245 1781 369 1847 Horatii
397 1783 482 1847 inter
504 1783 619 1847 Lucilii
634 1798 776 1870 satyram
796 1799 828 1849 et
848 1786 1009 1851 luvenalis
1030 1803 1076 1851 est

63 1901 191 1966 media:
211 1923 290 1964 nam
311 1914 343 1964 et
363 1903 568 1984 asperitatem
590 1902 689 1965 habet
713 1905 844 1986 qualem
858 1903 1018 1981 Lucilius,
1043 1920 1076 1970 et

61 2021 257 2086 suavitatem
283 2023 414 2102 qualem
451 2017 657 2084 luvenalis.»
705 2019 868 2085 Audacter
894 2023 1002 2088 Dousa
1023 2046 1074 2087 re-

61 2141 158 2226 ponit
177 2161 239 2224 pro
263 2142 490 2226 asperitatem
513 2139 758 2215 acerbitatem,
783 2163 882 2224 quam
904 2158 978 2226 apte
998 2167 1075 2208 sua·

62 2259 156 2324 vitati
189 2259 331 2341 opponi,
361 2279 445 2342 quae
468 2258 577 2322 statim
607 2257 755 2322 Juvenali
780 2259 953 2338 tribuitur,
978 2282 1077 2326 rremo

63 2390 239 2464 negaturus
266 2390 361 2454 esset;
387 2390 552 2460 praeterea
582 2377 791 2441 acerbitatem
815 2379 984 2462 propriam
1009 2403 1074 2446 esse

63 2495 423 2583 Satyrographorum2.
470 2494 631 2559 Audacius
659 2497 713 2558 ille
741 2497 895 2578 quidem3
929 2520 1009 2560 narn
1033 2521 1072 2562 ex

62 2615 240 2699 posteriore
272 2634 350 2679 voce
375 2616 535 2676 suavitas
566 2611 724 2688 efficitur,
748 2635 815 2676 non
839 2617 877 2676 de
900 2615 1075 2680 acerbitate

59 2732 181 2800 satirici
212 2730 363 2797 carminis
396 2733 451 2795 sed
482 2733 521 2794 de
544 2729 674 2815 linguae
694 2731 865 2812 asperitate
886 2753 1072 2795 sermonem

62 2874 139 2918 esse.
185 2849 295 2935 Quare
315 2849 401 2913 idem
420 2860 680 2912 commentator:
718 2851 870 2925 (linteos,
891 2849 935 2913 ait
964 2848 1074 2913 Hora-

61 2972 149 3046 tius,
178 2992 232 3034 me
255 2969 386 3044 dixisse,
410 2968 498 3051 quod
521 2989 659 3053 asperas
680 2966 820 3032 Lucilius
844 2981 876 3031 et
899 2968 1073 3051 incompo-

59 3091 137 3155 sitos
158 3108 267 3153 versus
288 3084 450 3170 scripserit
463 3084 490 3149 3.
505 3104 522 3146 >t
557 3085 724 3148 Praeterea
755 3083 912 3150 Martialis
936 3089 1073 3149 eandem

60 3206 365 3291 interpretationem
388 3205 578 3282 confirmat,
605 3204 739 3268 irridens
759 3203 990 3281 Chrestillum,
1015 3205 1073 3288 qui

61 3326 211 3392 carmina
230 3323 457 3408 improbaret,
479 3344 561 3408 quae
575 3322 666 3386 molli
679 3322 979 3398 limitecurrerent,
991 3345 1074 3406 pro-

66 3538 342 3556 Μ

93 3693 105 3729 ι
145 3675 199 3728 ctf.
216 3676 355 3724 Mansa
379 3673 406 3721 in
426 3672 547 3725 Naelttr.
565 3689 590 3726 z,
612 3671 684 3724 sata
704 3671 725 3722 I.
744 3669 765 3723 l.
805 3670 974 3722 Wieland
991 3675 1063 3722 Hor.

64 3775 128 3825 Sat.
146 3773 157 3824 l
177 3789 204 3837 p.
227 3771 286 3826 ι44.

92 3886 109 3920 2
145 3869 193 3921 Ad
210 3871 280 3924 Luc.
291 3869 336 3938 fr.
355 3885 382 3932 p.
400 3866 472 3937 98b

95 3967 113 4017 ὂ
147 3967 195 4017 Ad
221 3973 292 4020 Hor.
322 3966 383 4022 oar,
406 3964 499 4025 l,.10,
522 3959 552 4021 l,
573 3959 645 4021 4,8.
682 3959 726 4010 cf.
752 3958 916 4028 Valpius
949 3959 983 4010 de
1004 3960 1057 4008 Sat

67 4071 255 4130 Lat.p.1ro.

561 4189 587 4249 8.
