2580 4756
690 384 754 447 238

221 577 308 638 tem,
341 566 412 647 jam
442 563 498 625 illa
519 582 586 625 non
614 562 754 644 amplius
784 560 905 626 latebat
926 563 1011 626 vitae
1029 584 1220 648 morumque

220 680 449 745 commutatio.
473 677 632 761 Scipioni,
656 680 709 743 eui
730 700 797 741 non
818 678 928 742 minus
937 676 1115 744 'incolumis
1131 704 1221 766 quam

221 800 360 886 gloriosa
377 799 443 863 vita
463 797 643 883 obtigerat,
667 795 848 862 Numantifi
860 799 1008 864 redeunti
1028 799 1221 875 inimicitiae,

221 917 464 991 contentiones,
493 915 623 979 insidiae
654 913 873 996 parabantur,
906 928 1005 998 atque
1028 919 1097 999 ejus
1115 919 1221 982 eximia

224 1037 329 1100 virtus
354 1048 480 1098 tantam
505 1032 596 1096 brevi
617 1032 776 1095 invidiam
801 1032 923 1095 civium
947 1035 1128 1108 excitabat,
1151 1019 1222 1121 qnae

224 1177 291 1218 non
322 1154 381 1216 nisi
404 1173 481 1214 nece
499 1152 567 1234 ejus
588 1150 733 1234 extingui
758 1163 873 1231 posset.
920 1151 1031 1235 Atque
1052 1156 1133 1218 haec
1156 1157 1221 1238 qui-

222 1279 298 1338 dem
320 1271 509 1358 gravissima
528 1269 691 1333 calamitas
712 1282 749 1331 ut
766 1269 908 1352 graviter
929 1240 1145 1336 commovisse
1167 1273 1221 1336 Lu-

225 1394 287 1455 cilii
320 1391 469 1452 animum
501 1397 600 1470 atque
630 1384 813 1450 incredibili
850 1385 911 1449 viri
943 1389 1124 1464 desiderio,
1158 1394 1221 1454 dolo

223 1508 352 1583 necati,
384 1505 521 1569 atl'ecisse
553 1507 794 1579 censendam,
827 1504 872 1568 ita
894 1508 981 1568 baud
1010 1506 1112 1570 dubie
1128 1510 1221 1572 studio

226 1652 303 1697 eum
326 1624 489 1698 incendit,
508 1636 545 1685 ut
569 1623 641 1685 istas
658 1623 813 1705 injurias,
833 1622 952 1706 quibus
964 1624 1066 1688 invidi
1079 1624 1221 1709 Scipionis

224 1751 412 1815 extremum
425 1743 509 1806 vitae
518 1741 720 1805 curriculum
733 1739 915 1822 petiissent,
929 1742 1152 1811 ulcisceretur.
1174 1746 1222 1808 ln·

225 1873 265 1934 de
283 1872 407 1930 factum
420 1906 429 1936 ‚
441 1872 480 1923 ut
492 1857 640 1940 superior
654 1871 764 1922 nostra
773 1861 813 1921 de
824 1860 967 1942 personis
981 1861 1158 1928 Lucilianis
1168 1865 1223 1927 dis-

225 1982 354 2072 quisitio
378 1980 466 2042 haud
485 1997 560 2039 raro
574 1996 631 2038 nos
657 1975 800 2060 coegerit
822 1976 920 2059 ipsius
942 1976 1102 2062 Scipionis
1113 1980 1221 2045 memi-

225 2102 326 2175 nisse,
352 2100 404 2162 ¹vel
427 2094 634 2158 Metellum
655 2092 794 2156 ludentis
815 2106 848 2156 et
860 2096 1060 2180 castigantis,
1074 2102 1126 2162 vel
1141 2098 1222 2164 Car·

226 2217 320 2280 boni
337 2213 466 2276 fortiter
487 2210 659 2273 resistentis
673 2255 682 2285 ,
694 2213 745 2274 vel
759 2208 901 2275 Cottae
924 2213 1002 2277 vitia
1015 2217 1221 2304 perstringen-

227 2334 285 2406 tis,
316 2332 364 2393 vel
394 2325 584 2408 exponentis
612 2325 780 2407 improbos
812 2327 971 2392 Claudii
1005 2331 1131 2396 Arelli
1163 2355 1222 2396 mo
1276 2327 1279 2335 ’

225 2471 286 2516 res.
318 2445 382 2512 Sed
395 2443 544 2529 quamvis
560 2443 703 2528 ingenua
725 2444 946 2531 indignatione
964 2462 1100 2514 motum
1116 2452 1150 2513 in
1159 2455 1223 2514 isto

225 2591 303 2634 rum
329 2563 514 2650 detegendis
539 2561 686 2626 moribus
719 2563 983 2648 facinoribusque
1008 2564 1224 2649 patefaciendis

210 2676 392 2773 'versatum
420 2683 514 2746 luisse
540 2694 690 2763 apparet,
716 2681 865 2764 quamvis
890 2681 1010 2745 Metelli
1037 2686 1225 2759 amicitiam,

227 2805 283 2890 qui
303 2800 512 2884 displicuisset
532 2796 693 2880 Scipioni,
717 2798 750 2860 in
769 2799 866 2881 hujus
885 2800 1025 2884 gratiam
1039 2771 1225 2884 repudiaiit,

227 2918 396 3007 quamvis,
417 2913 574 3001 sagaciter
587 2934 685 2976 omne
705 2913 773 2978 vitii
787 2937 824 2978 ac
836 2916 1046 2998 turpitudinis
1065 2921 1223 3007 vestigium

228 3040 387 3111 odorans,
420 3031 540 3117 ingenii
565 3032 702 3094 hnmani
725 3033 862 3096 latebras
888 3034 1054 3113 nudavit,
1091 3036 1226 3122 quamvis

227 3154 311 3219 tristi
346 3170 441 3214 versu
473 3168 597 3210 scurras
626 3162 660 3211 et
691 3163 822 3231 nepotes
856 3163 890 3214 et
923 3153 1104 3220 nebulones
1134 3153 1224 3227 laesit,

227 3286 340 3338 tamon
370 3269 516 3332 multum
544 3266 651 3330 abfuit
674 3281 712 3330 ut
736 3291 865 3353 semper
891 3271 925 3334 in
954 3274 1018 3337 hoc
1046 3296 1121 3339 uno
1138 3296 1225 3360 argn-

227 3407 342 3458 mento
368 3387 514 3455 maxime
534 3386 664 3472 ingrato
684 3387 873 3452 elaboraret.

272 3510 494 3582 Meminimus,
506 3505 645 3570 studiose
657 3526 733 3568 eum
747 3507 868 3582 omnia,
881 3527 965 3592 qnae
976 3508 1012 3572 in
1024 3511 1152 3576 virtutis
1160 3511 1226 3574 deli-

229 3629 386 3692 nitionem
401 3627 463 3690 dici
477 3648 495 3689 a
513 3625 712 3708 philosophis
723 3627 863 3688 solerent
875 3668 884 3698 ‚
897 3627 1008 3708 paucis
1020 3629 1165 3694 versibus
1174 3630 1227 3694 col·

227 3740 339 3830 legisse
350 3757 383 3808 et
394 3764 568 3819 enarrasse,
581 3763 687 3826 eaque
697 3743 791 3807 fuisse
803 3742 955 3808 Ciceroni
969 3751 1123 3829 exemplo
1131 3792 1141 3823 ,
1150 3746 1226 3811 unde

228 3862 298 3937 hic,
310 3860 501 3924 Panaetium
518 3869 666 3936 secutus,
680 3861 810 3925 visendi
824 3859 930 3926 officia
941 3863 1088 3935 traheret
1100 3863 1126 3928 1.
1151 3864 1227 3927 Lau-

264 4103 277 4139 s
315 4102 341 4146 Ρ·
364 4102 412 4153 79,
431 4084 488 4141 161.
508 4084 555 4136 cf.
579 4087 638 4138 134.
