2580 4756
539 364 601 423 2:37

58 539 209 604 tribuum
247 538 328 602 ratio
363 539 396 598 in
428 539 589 600 librorum
614 558 754 602 numero
784 537 980 615 haberetur,
1011 560 1071 604 ex·

58 655 197 741 spectari
221 651 399 737 potuisset,
423 651 557 739 siugulis
576 678 653 718 eum
677 655 766 719 libris
784 657 988 742 singularum
1008 662 1072 721 tri-

57 777 164 838 buum
183 777 315 854 plenam
341 770 544 833 mentionem
572 773 699 847 fecisse,
733 788 765 834 et
789 796 841 836 eos
863 776 1069 855 potissimum

56 893 169 955 titulos
202 890 406 971 praefixisse,
439 889 495 970 qui
520 889 671 951 tribubus
696 893 937 975 responderent.
973 891 1070 973 Quod

58 1012 183 1071 factum
202 1028 269 1068 non
292 1026 356 1068 esse
375 1005 449 1067 inde
474 1014 583 1085 patet,
611 1006 687 1087 quia
713 1005 866 1068 Deorum
879 1009 1069 1070 eonsilium

56 1140 90 1188 et
124 1124 268 1207 Collyra
305 1126 400 1204 plane
430 1122 524 1184 alieni
558 1118 644 1184 tituli
674 1137 761 1186 sunt.
809 1124 928 1186 Parum
957 1139 1067 1188 autem

57 1237 232 1305 uerisimile
261 1253 330 1313 est,
362 1239 551 1312 Lucilium,
575 1260 674 1320 quem
699 1245 831 1319 poetam
856 1243 1067 1325 cognovimus

53 1358 177 1444 ingenii
211 1359 242 1419 vi
279 1377 316 1419 ao
350 1359 478 1418 fervore
513 1357 709 1431 florentem,
742 1358 882 1441 singulas
919 1360 1067 1440 deinceps

56 1473 164 1537 tribbs
194 1473 295 1537 satiris
320 1473 383 1535 suis
415 1472 608 1552 arripuisse,
645 1473 757 1536 ordine
788 1486 821 1536 et
842 1477 940 1537 modo
957 1476 1068 1538 omnia

55 1592 270 1674 disposuisse,
295 1601 332 1652 ut
362 1609 494 1654 carmen
524 1591 633 1653 ederet
654 1593 742 1672 quod
764 1592 862 1672 ipsius
884 1593 973 1654 urbis
998 1593 1063 1657 Ro·

58 1730 130 1774 mae
165 1707 414 1788 descriptionem
447 1722 634 1771 accuratam
665 1708 864 1784 contineret,
889 1723 921 1772 et
943 1711 976 1772 in
999 1714 1066 1794 ejus

56 1816 240 1909 quisquiliis
272 1843 311 1887 ae
341 1823 559 1887 nebulonibus
578 1824 727 1888 notandis
751 1840 944 1891 versaretur.
970 1826 1066 1910 Quod

55 1945 116 2008 nisi
149 1956 332 2017 statuatur,
374 1942 523 2024 ineptum
559 1963 636 2006 sane
668 1944 838 2029 negotium
868 1948 988 2022 fuerit,
1024 1950 1064 2010 ad

49 2063 208 2126 tribuum
232 2080 411 2146 numerum
436 2060 601 2126 librorum
623 2086 801 2128 numerum
824 2067 949 2151 exigere
975 2070 1065 2130 velle.

56 2172 137 2244 Veri
165 2192 275 2243 autem
308 2180 443 2243 similius
476 2194 541 2256 est,
577 2181 732 2244 urbanus
753 2204 829 2244 eum
855 2196 887 2245 et
913 2187 1067 2247 rustinus

57 2297 167 2360 tribds
200 2298 374 2379 separatim
405 2321 592 2385 aggressum
620 2322 707 2377 esse,
742 2302 840 2384 idque
863 2316 974 2384 patere
998 2304 1068 2384 opi-

49 2435 118 2478 nor
151 2416 271 2478 oollatis
308 2416 382 2479 libri
414 2418 521 2509 quarti
552 2431 589 2490 et¹
615 2418 721 2500 quinti
744 2419 945 2501 argumentis
967 2440 1066 2499 supra

54 2533 212 2596 indicatis.
260 2530 347 2614 Quid
369 2532 499 2616 igitur?
544 2531 632 2595 Num
655 2534 867 2596 defendemus
896 2534 1067 2614 antiquam

53 2665 88 2717 et
113 2671 326 2716 communem
353 2648 504 2712 'codicum
533 2648 729 2729 scripturam
758 2649 792 2710 in
819 2648 974 2713 Varronis
995 2651 1066 2711 loeo

54 2769 250 2835 Lucretium
271 2765 488 2829 habentium?
519 2764 696 2840 Miillerus,
722 2767 777 2828 etsi
805 2766 964 2847 receperit
989 2766 1066 2827 Lu·-

56 2882 211 2959 eilium,
244 2894 355 2946 tamen
392 2896 489 2967 negat
516 2885 626 2946 locum
649 2882 731 2958 sibi,
754 2883 946 2946 eonomine
971 2885 1068 2947 resti·
1121 2935 1123 2940 .

55 3017 147 3077 tuto,
168 3015 375 3082 persanatum
398 3001 512 3063 videri.
537 2999 620 3062 Mihi
643 3021 734 3064 secus
758 3001 889 3064 ridetur
913 3013 945 3063 et
970 3002 1063 3065 facile

56 3121 137 3183 mibi
181 3120 378 3199 persuade0,
419 3115 574 3180 Varronis
608 3131 712 3180 aetate
750 3115 866 3180 Luolii
893 3118 1004 3182 satiras
1032 3120 1065 3180 in

54 3256 196 3302 unum
228 3241 270 3298 et
294 3237 497 3322 uiginti
520 3234 620 3298 libros
645 3235 758 3298 divisas
784 3235 905 3299 fuisse?
938 3234 1003 3318 Qui
1025 3240 1066 3298 ad

55 3354 260 3420 Herennium
293 3354 332 3414 de
365 3352 525 3414 rhetorica
548 3351 693 3432 scripsit,
724 3372 803 3432 opus
826 3373 922 3413 suum
947 3352 1062 3414 edidis-

55 3493 87 3537 se
116 3492 144 3534 a.
171 3472 236 3533 670
261 3466 352 3558 (si),
384 3446 649 3550 probabilitatem
666 3467 786 3541 secus,
819 3467 1062 3548 conjecimus1;

56 3610 74 3652 a
94 3606 163 3672 quo
183 3607 287 3670 quum
296 3588 403 3671 prior
415 3585 529 3648 Lucilii
543 3585 625 3647 liber
647 3596 846 3646 memoratus
861 3583 1065 3660 inveniatur,

56 3705 265 3767 manifestum
298 3725 361 3767 esse
383 3702 532 3766 arbitrati
554 3724 685 3776 sumus,
722 3721 759 3764 eo
783 3713 931 3784 tempore
952 3702 1065 3785 bipar-
1137 3726 1139 3730 ⁴

57 3822 176 3896 tilam,
200 3842 302 3905 quam
326 3822 366 3883 ab
390 3821 459 3902 ipso
482 3826 577 3902 potita
601 3820 770 3884 inductam
794 3819 1063 3905 significavimus,

31 4014 34 4019 ⁴
56 3940 243 4004 divisionem
265 3939 448 4002 obtinuisse.
488 3939 578 4003 Libri
602 3936 758 4005 Varronis
778 3940 818 4000 de
843 3937 956 4022 lingua
971 3939 1066 4008 Lasia

90 4119 101 4155 t
140 4105 223 4174 Disp.
241 4103 262 4155 l.
284 4121 310 4171 p,
333 4121 391 4177 ¹⁰9·

517 4200 583 4234 ’Μ
