2580 4756
677 379 743 440 228

203 561 243 620 acl
273 561 476 639 voluptatem
503 553 614 616 omnia
643 557 801 630 referret,
834 557 984 637 quamvis
1008 557 1111 620 etiarn
1135 558 1202 623 lueri

206 675 343 756 cupidus
378 686 476 755 atque
503 693 617 735 avarus
639 685 737 745 esset,
770 684 882 734 tamen
912 673 978 736 istis
1006 674 1089 739 vitiis
1124 676 1203 740 labo·

205 792 291 855 ranti
321 804 450 853 tantum
476 789 608 871 pudoris
640 790 766 864 inerat,
805 803 841 853 ut
866 812 934 853 non
965 794 1005 855 ad
1030 795 1201 858 effrenatam

202 908 368 974 licentiam
394 922 493 991 atque
510 907 682 989 perfidiam
704 923 947 989 prorumperet.
995 907 1087 992 Quae
1112 933 1199 995 quum

203 1029 248 1090 ita
272 1028 357 1100 sint,
383 1025 582 1099 ridendum,
608 1025 687 1107 quid
711 1028 839 1089 valeant
863 1017 946 1108 quae
970 1029 1011 1090 de
1035 1031 1146 1092 eodem
1167 1033 1200 1092 le

90 1132 92 1135 ’
202 1157 345 1229 guntur:
374 1167 391 1209 <‹
406 1141 562 1217 Iteratio,
587 1163 689 1225 quam
714 1141 831 1206 Graeci
853 1143 1075 1210 α’ναδίπλωσιν
1089 1160 1197 1219 vocant,

201 1263 226 1324 si
239 1265 353 1325 dextre
366 1263 553 1336 collocatur,
571 1281 729 1345 magnum
748 1274 901 1324 ornatum
914 1263 1010 1325 affert
1023 1263 1198 1327 orationi.—

203 1378 339 1461 Optime
360 1379 502 1443 Lucilius
525 1393 584 1441 sat.
608 1377 755 1442 XXVIII
777 1380 817 1441 de
840 1382 912 1442 fure
934 1379 1106 1444 GallonIo:

204 1497 272 1560 Hic
285 1518 411 1559 scurra
424 1541 432 1571 ,
447 1496 504 1558 tie
517 1517 647 1569 career,
662 1518 779 1558 curaer
792 1498 852 1558 via
863 1518 999 1560 earcere
1009 1497 1140 1585 ‘dignus
1151 1498 1170 1561 ¹.
1181 1518 1194 1556 u

207 1613 262 1678 His
296 1615 440 1679 versibus
463 1616 528 1677 duo
551 1615 627 1677 alios
651 1613 801 1697 adjunxit
826 1612 968 1676 Merula:

249 1733 377 1797 Omnia
404 1735 551 1797 viscatis
574 1731 737 1795 manibus
763 1732 872 1819 leget,-
895 1735 1014 1796 omerio
1038 1745 1156 1809 sumet,

249 1851 352 1916 Crede
375 1852 486 1926 anibi,
505 1874 621 1940 presse
642 1849 778 1936 auferet
801 1851 916 1913 ornne'a
941 1889 986 1898 -

202 1970 343 2036 Videtur
367 1970 468 2055 igitur
489 1968 675 2044 Gallonius,
699 1968 899 2050 patrimonio
917 1969 1103 2054 ingentibus
1126 1991 1192 2032 sum·

203 2088 289 2151 tibus
314 2101 527 2169 consumpte,
550 2087 724 2168 praeconio
749 2087 789 2148 ad
815 2106 890 2167 opes
918 2090 1077 2168 parandas
1097 2087 1192 2150 instau·

204 2206 406 2286 randamque
429 2207 593 2267 lautarum
608 2208 782 2286 epularum
796 2204 1044 2269 delectatIonem
1065 2220 1128 2271 tam
1140 2214 1190 2266 tur-

205 2322 288 2405 piter
309 2321 427 2384 abusus
446 2342 521 2393 esse,
546 2335 583 2384 ut
604 2343 644 2382 ne
664 2322 757 2384 furtis
779 2321 914 2404 quidem
932 2324 1130 2389 clandestinis
1145 2321 1188 2384 ab·

203 2440 361 2515 stineret,
398 2437 547 2522 quamvis
583 2437 635 2501 vbi
666 2437 866 2524 intelligam,
900 2443 1067 2522 quomodo
1091 2442 1190 2502 bacea

204 2558 340 2642 perfidia
360 2557 465 2622 aliena
489 2578 553 2620 esse
575 2557 757 2638 potuerint.
805 2555 962 2623 Ceterum
983 2579 1053 2622 non
1072 2578 1142 2640 opus
1157 2567 1191 2618 est

204 2691 241 2740 ut
273 2690 450 2759 putemus,
483 2673 627 2757 priorem
661 2673 777 2736 Lucilii
805 2677 938 2749 locum,
969 2695 1079 2756 quem·
1102 2672 1190 2740 Cicero

201 2793 353 2869 servavit,
378 2791 479 2856 etiam
503 2794 585 2854 adl.
611 2789 759 2856 XXVIII
783 2790 967 2873 pertinere3
1006 2813 1107 2876 quem
1127 2790 1160 2853 tul
1174 2787 1189 2850 l.

198 2909 251 2979 IV
275 2923 331 2974 aut
351 2908 446 2975 XXV
464 2911 586 2972 referre
608 2908 734 2972 malim.

251 3146 366 3209 Facilis
404 3158 450 3208 est
486 3146 527 3208 ab
557 3146 617 3208 isto
655 3144 804 3210 GallonIo
838 3147 879 3210 ad
914 3144 1148 3210 Nomentanum
1170 3148 1192 3199 tt

161 3273 172 3280 “
203 3260 420 3329 Pantolabum
443 3274 578 3345 propter
599 3261 821 3356 improbitatis
844 3262 1034 3327 societatem
1053 3258 1189 3327 transitus.

205 3385 252 3450 De
289 3398 430 3466 utroque
465 3379 618 3444 Horatius
655 3394 687 3444 ct
720 3381 777 3464 qui
803 3379 994 3444 Horatianas
1011 3398 1151 3464 personas
1167 3372 1193 3433 il·

203 3509 403 3575 lustrarunt,
428 3498 578 3564 nonnihil
600 3511 747 3562 monent.
785 3498 942 3566 Universe
964 3503 1135 3566 traduntur
1151 3509 1193 3558 no·

215 3671 479 3690 Μ

241 3802 248 3831 ι
292 3780 464 3847 t'ulpurn.
493 3780 578 3828 Piso
606 3780 638 3830 de
660 3780 835 3831 eotrtinentia
853 3791 978 3833 veterum
996 3782 1142 3852 poettdd
1160 3770 1194 3842 (cb

204 3883 236 3930 M
245 3903 258 3927 e
268 3896 281 3926 r
290 3895 306 3926 u
317 3874 328 3924 I
336 3892 353 3923 (ι
367 3875 404 3922 ad
411 3874 489 3943 ¹Ilnn.
503 3871 673 3942 p.253sqq).
687 3873 864 3941 Calpurniani
872 3879 967 3944 ‚operis
979 3897 1047 3947 quae
1060 3869 1197 3930 tatattterint

205 3977 274 4027 scire
296 3971 385 4023 velim.
429 3967 551 4020 Merulae
575 3978 696 4037 tempore
714 3975 824 4025 latcbat
849 3973 962 4026 lusistis·
977 3977 1005 4027 lu
1026 3971 1150 4029 Bibliotb.
1174 3962 1195 4019 S·

207 4070 327 4126 Victoris
347 4077 371 4119 ct
386 4085 479 4133 magno
491 4066 580 4134 pretio
593 4069 626 4118 ub
640 4088 670 4119 ro
683 4068 845 4141 habebatur.
865 4072 910 4126 Cf.
922 4075 1020 4144 Praes,
1035 4072 1131 4125 Metal.
1147 4085 1168 4135 p·
1178 4079 1196 4115 ²·
