<?xml version="1.0" encoding="UTF-8"?>
<!DOCTYPE html PUBLIC "-//W3C//DTD XHTML 1.0 Transitional//EN"
    "http://www.w3.org/TR/xhtml1/DTD/xhtml1-transitional.dtd">
<html xmlns="http://www.w3.org/1999/xhtml" xml:lang="en" lang="en">
 <head>
  <title>
</title>
<meta http-equiv="Content-Type" content="text/html;charset=utf-8" />
  <meta name='ocr-system' content='tesseract 3.04.00' />
  <meta name='ocr-capabilities' content='ocr_page ocr_carea ocr_par ocr_line ocrx_word'/>
</head>
<body>
  <div class='ocr_page' id='page_1' title='image "./studiacriticain00heusgoog_0146.png"; bbox 0 0 2580 4756; ppageno 0'>
   <div class='ocr_carea' id='block_1_1' title="bbox 220 1127 1072 1336">
    <p class='ocr_par' dir='ltr' id='par_1_1' title="bbox 220 1127 1072 1336">
     <span class='ocr_line' id='line_1_1' title="bbox 220 1127 1072 1203; baseline 0.009 -8"><span class='ocrx_word' id='word_1_1' title='bbox 220 1127 440 1198; x_wconf 71' lang='lat' dir='ltr'><strong>sonnino</strong></span> <span class='ocrx_word' id='word_1_2' title='bbox 463 1130 524 1198; x_wconf 76' lang='lat' dir='ltr'><strong>oi</strong></span> <span class='ocrx_word' id='word_1_3' title='bbox 548 1130 710 1200; x_wconf 73' lang='lat' dir='ltr'><strong>ononi</strong></span> <span class='ocrx_word' id='word_1_4' title='bbox 734 1132 1072 1203; x_wconf 65' lang='lat' dir='ltr'><strong>intuemini</strong></span> 
     </span>
     <span class='ocr_line' id='line_1_2' title="bbox 463 1240 831 1336; baseline 0.008 -3"><span class='ocrx_word' id='word_1_5' title='bbox 463 1240 603 1335; x_wconf 73' lang='lat' dir='ltr'><strong>Poiin</strong></span> <span class='ocrx_word' id='word_1_6' title='bbox 645 1266 831 1336; x_wconf 69' lang='lat' dir='ltr'><strong>Posui.</strong></span> 
     </span>
    </p>
   </div>
   <div class='ocr_carea' id='block_1_2' title="bbox 197 1898 1155 2004">
    <p class='ocr_par' dir='ltr' id='par_1_2' title="bbox 197 1898 1155 2004">
     <span class='ocr_line' id='line_1_3' title="bbox 197 1898 1155 2004; baseline 0.004 -24"><span class='ocrx_word' id='word_1_7' title='bbox 197 1898 321 2004; x_wconf 73' lang='lat' dir='ltr'><strong>Magni</strong></span> <span class='ocrx_word' id='word_1_8' title='bbox 344 1922 491 2002; x_wconf 80' lang='lat' dir='ltr'><strong>profecto</strong></span> <span class='ocrx_word' id='word_1_9' title='bbox 515 1934 614 1996; x_wconf 83' lang='lat' dir='ltr'><strong>esset,</strong></span> <span class='ocrx_word' id='word_1_10' title='bbox 638 1920 688 1996; x_wconf 81' lang='lat' dir='ltr'><strong>si,</strong></span> <span class='ocrx_word' id='word_1_11' title='bbox 712 1919 896 1983; x_wconf 80' lang='lat' dir='ltr'>Lucilianae</span> <span class='ocrx_word' id='word_1_12' title='bbox 918 1925 1047 2003; x_wconf 74' lang='lat' dir='ltr'><strong>podseos</strong></span> <span class='ocrx_word' id='word_1_13' title='bbox 1070 1921 1155 1985; x_wconf 85' lang='lat' dir='ltr'><strong>oxis-</strong></span> 
     </span>
    </p>
   </div>
   <div class='ocr_carea' id='block_1_3' title="bbox 131 2036 1160 3914">
    <p class='ocr_par' dir='ltr' id='par_1_3' title="bbox 131 2036 1160 3914">
     <span class='ocr_line' id='line_1_4' title="bbox 138 2036 1152 2125; baseline 0.001 -22"><span class='ocrx_word' id='word_1_14' title='bbox 138 2040 310 2103; x_wconf 73' lang='lat' dir='ltr'><strong>iiniationo</strong></span> <span class='ocrx_word' id='word_1_15' title='bbox 333 2038 494 2114; x_wconf 83' lang='lat' dir='ltr'><strong>indicata,</strong></span> <span class='ocrx_word' id='word_1_16' title='bbox 518 2059 618 2121; x_wconf 87' lang='lat' dir='ltr'><strong>porro</strong></span> <span class='ocrx_word' id='word_1_17' title='bbox 637 2041 707 2123; x_wconf 82' lang='lat' dir='ltr'><strong>jani</strong></span> <span class='ocrx_word' id='word_1_18' title='bbox 725 2036 918 2125; x_wconf 74' lang='lat' dir='ltr'><strong>investigare</strong></span> <span class='ocrx_word' id='word_1_19' title='bbox 929 2039 1058 2117; x_wconf 82' lang='lat' dir='ltr'><strong>liceret,</strong></span> <span class='ocrx_word' id='word_1_20' title='bbox 1073 2062 1152 2124; x_wconf 84' lang='lat' dir='ltr'>qua-</span> 
     </span>
     <span class='ocr_line' id='line_1_5' title="bbox 137 2157 1153 2244; baseline 0.001 -22"><span class='ocrx_word' id='word_1_21' title='bbox 137 2160 176 2222; x_wconf 89' lang='lat' dir='ltr'><strong>lis</strong></span> <span class='ocrx_word' id='word_1_22' title='bbox 209 2170 396 2244; x_wconf 83' lang='lat' dir='ltr'>quantaque</span> <span class='ocrx_word' id='word_1_23' title='bbox 420 2159 486 2241; x_wconf 82' lang='lat' dir='ltr'><strong>ejus</strong></span> <span class='ocrx_word' id='word_1_24' title='bbox 507 2157 552 2220; x_wconf 75' lang='lat' dir='ltr'><strong>vis</strong></span> <span class='ocrx_word' id='word_1_25' title='bbox 575 2157 674 2221; x_wconf 84' lang='lat' dir='ltr'><strong>suerit</strong></span> <span class='ocrx_word' id='word_1_26' title='bbox 694 2177 760 2220; x_wconf 90' lang='lat' dir='ltr'><strong>non</strong></span> <span class='ocrx_word' id='word_1_27' title='bbox 783 2169 913 2220; x_wconf 81' lang='lat' dir='ltr'>tantum</span> <span class='ocrx_word' id='word_1_28' title='bbox 938 2180 1005 2244; x_wconf 90' lang='lat' dir='ltr'><strong>quo</strong></span> <span class='ocrx_word' id='word_1_29' title='bbox 1024 2171 1153 2243; x_wconf 82' lang='lat' dir='ltr'><strong>tempo-</strong></span> 
     </span>
     <span class='ocr_line' id='line_1_6' title="bbox 136 2278 1151 2363; baseline 0.001 -20"><span class='ocrx_word' id='word_1_30' title='bbox 136 2302 173 2343; x_wconf 84' lang='lat' dir='ltr'><strong>re</strong></span> <span class='ocrx_word' id='word_1_31' title='bbox 208 2279 327 2362; x_wconf 85' lang='lat' dir='ltr'><strong>prodiit</strong></span> <span class='ocrx_word' id='word_1_32' title='bbox 355 2285 472 2361; x_wconf 65' lang='lat' dir='ltr'><strong>podta,</strong></span> <span class='ocrx_word' id='word_1_33' title='bbox 500 2279 555 2342; x_wconf 84' lang='lat' dir='ltr'><strong>sed</strong></span> <span class='ocrx_word' id='word_1_34' title='bbox 583 2278 682 2342; x_wconf 78' lang='lat' dir='ltr'><strong>etiam</strong></span> <span class='ocrx_word' id='word_1_35' title='bbox 714 2278 805 2342; x_wconf 90' lang='lat' dir='ltr'><strong>omni</strong></span> <span class='ocrx_word' id='word_1_36' title='bbox 828 2293 957 2362; x_wconf 82' lang='lat' dir='ltr'><strong>postero</strong></span> <span class='ocrx_word' id='word_1_37' title='bbox 979 2293 1151 2363; x_wconf 80' lang='lat' dir='ltr'><strong>tompore,</strong></span> 
     </span>
     <span class='ocr_line' id='line_1_7' title="bbox 137 2395 1152 2484; baseline 0.002 -23"><span class='ocrx_word' id='word_1_38' title='bbox 137 2419 206 2484; x_wconf 86' lang='lat' dir='ltr'><strong>quo</strong></span> <span class='ocrx_word' id='word_1_39' title='bbox 236 2397 358 2484; x_wconf 73' lang='lat' dir='ltr'><strong>ingenti</strong></span> <span class='ocrx_word' id='word_1_40' title='bbox 392 2398 459 2482; x_wconf 86' lang='lat' dir='ltr'><strong>ejus</strong></span> <span class='ocrx_word' id='word_1_41' title='bbox 492 2395 599 2460; x_wconf 79' lang='lat' dir='ltr'><strong>studio</strong></span> <span class='ocrx_word' id='word_1_42' title='bbox 619 2396 748 2483; x_wconf 74' lang='lat' dir='ltr'><strong>ingenia</strong></span> <span class='ocrx_word' id='word_1_43' title='bbox 770 2397 998 2463; x_wconf 88' lang='lat' dir='ltr'><strong>Romanorum</strong></span> <span class='ocrx_word' id='word_1_44' title='bbox 1023 2398 1152 2464; x_wconf 83' lang='lat' dir='ltr'><strong>incensa</strong></span> 
     </span>
     <span class='ocr_line' id='line_1_8' title="bbox 135 2512 1151 2600; baseline 0 -20"><span class='ocrx_word' id='word_1_45' title='bbox 135 2538 202 2580; x_wconf 83' lang='lat' dir='ltr'><strong>esse</strong></span> <span class='ocrx_word' id='word_1_46' title='bbox 226 2527 359 2580; x_wconf 82' lang='lat' dir='ltr'><strong>constat.</strong></span> <span class='ocrx_word' id='word_1_47' title='bbox 395 2512 485 2600; x_wconf 88' lang='lat' dir='ltr'><strong>Quin</strong></span> <span class='ocrx_word' id='word_1_48' title='bbox 508 2515 654 2577; x_wconf 83' lang='lat' dir='ltr'><strong>multum</strong></span> <span class='ocrx_word' id='word_1_49' title='bbox 677 2515 840 2591; x_wconf 84' lang='lat' dir='ltr'><strong>effecerit,</strong></span> <span class='ocrx_word' id='word_1_50' title='bbox 863 2515 944 2600; x_wconf 90' lang='lat' dir='ltr'><strong>quin</strong></span> <span class='ocrx_word' id='word_1_51' title='bbox 966 2518 1151 2581; x_wconf 82' lang='lat' dir='ltr'><strong>multorum</strong></span> 
     </span>
     <span class='ocr_line' id='line_1_9' title="bbox 135 2632 1150 2717; baseline 0.001 -18"><span class='ocrx_word' id='word_1_52' title='bbox 135 2636 262 2700; x_wconf 83' lang='lat' dir='ltr'><strong>animos</strong></span> <span class='ocrx_word' id='word_1_53' title='bbox 293 2632 548 2717; x_wconf 77' lang='lat' dir='ltr'><strong>pertentaverit,</strong></span> <span class='ocrx_word' id='word_1_54' title='bbox 582 2632 819 2708; x_wconf 83' lang='lat' dir='ltr'><strong>commoverit,</strong></span> <span class='ocrx_word' id='word_1_55' title='bbox 850 2654 986 2697; x_wconf 85' lang='lat' dir='ltr'><strong>suorum</strong></span> <span class='ocrx_word' id='word_1_56' title='bbox 1009 2634 1150 2700; x_wconf 82' lang='lat' dir='ltr'><strong>conscios</strong></span> 
     </span>
     <span class='ocr_line' id='line_1_10' title="bbox 135 2751 1150 2835; baseline -0.001 -17"><span class='ocrx_word' id='word_1_57' title='bbox 135 2755 293 2819; x_wconf 78' lang='lat' dir='ltr'><strong>vitiorum</strong></span> <span class='ocrx_word' id='word_1_58' title='bbox 328 2752 503 2816; x_wconf 79' lang='lat' dir='ltr'><strong>reddiderit</strong></span> <span class='ocrx_word' id='word_1_59' title='bbox 526 2774 563 2816; x_wconf 82' lang='lat' dir='ltr'><strong>ao</strong></span> <span class='ocrx_word' id='word_1_60' title='bbox 585 2753 711 2835; x_wconf 81' lang='lat' dir='ltr'><strong>pudore</strong></span> <span class='ocrx_word' id='word_1_61' title='bbox 733 2753 868 2817; x_wconf 72' lang='lat' dir='ltr'><strong>suffusos</strong></span> <span class='ocrx_word' id='word_1_62' title='bbox 888 2751 1015 2816; x_wconf 77' lang='lat' dir='ltr'><strong>virtutis</strong></span> <span class='ocrx_word' id='word_1_63' title='bbox 1038 2775 1150 2817; x_wconf 83' lang='lat' dir='ltr'><strong>amoro</strong></span> 
     </span>
     <span class='ocr_line' id='line_1_11' title="bbox 134 2869 1146 2957; baseline 0.002 -22"><span class='ocrx_word' id='word_1_64' title='bbox 134 2871 412 2947; x_wconf 82' lang='lat' dir='ltr'><strong>inflammaverit,</strong></span> <span class='ocrx_word' id='word_1_65' title='bbox 449 2870 530 2954; x_wconf 92' lang='lat' dir='ltr'><strong>quin</strong></span> <span class='ocrx_word' id='word_1_66' title='bbox 551 2871 731 2934; x_wconf 83' lang='lat' dir='ltr'><strong>eorundem</strong></span> <span class='ocrx_word' id='word_1_67' title='bbox 755 2869 886 2957; x_wconf 72' lang='lat' dir='ltr'><strong>ingenia</strong></span> <span class='ocrx_word' id='word_1_68' title='bbox 907 2873 1146 2956; x_wconf 77' lang='lat' dir='ltr'><strong>praejudicata·</strong></span> 
     </span>
     <span class='ocr_line' id='line_1_12' title="bbox 133 2989 1148 3076; baseline 0.001 -20"><span class='ocrx_word' id='word_1_69' title='bbox 133 3014 213 3057; x_wconf 86' lang='lat' dir='ltr'><strong>rum</strong></span> <span class='ocrx_word' id='word_1_70' title='bbox 246 2989 437 3075; x_wconf 87' lang='lat' dir='ltr'>opinionum</span> <span class='ocrx_word' id='word_1_71' title='bbox 468 2989 660 3054; x_wconf 80' lang='lat' dir='ltr'><strong>commentis</strong></span> <span class='ocrx_word' id='word_1_72' title='bbox 685 2991 877 3076; x_wconf 71' lang='lat' dir='ltr'><strong>purgaverit</strong></span> <span class='ocrx_word' id='word_1_73' title='bbox 898 3005 932 3055; x_wconf 83' lang='lat' dir='ltr'><strong>ot</strong></span> <span class='ocrx_word' id='word_1_74' title='bbox 948 2993 989 3056; x_wconf 85' lang='lat' dir='ltr'><strong>ad</strong></span> <span class='ocrx_word' id='word_1_75' title='bbox 1008 3013 1148 3076; x_wconf 82' lang='lat' dir='ltr'><strong>recupe-</strong></span> 
     </span>
     <span class='ocr_line' id='line_1_13' title="bbox 133 3109 1152 3196; baseline -0.001 -20"><span class='ocrx_word' id='word_1_76' title='bbox 133 3113 273 3176; x_wconf 83' lang='lat' dir='ltr'>randam</span> <span class='ocrx_word' id='word_1_77' title='bbox 293 3110 412 3174; x_wconf 79' lang='lat' dir='ltr'><strong>mentis</strong></span> <span class='ocrx_word' id='word_1_78' title='bbox 433 3109 612 3193; x_wconf 87' lang='lat' dir='ltr'><strong>judiciique</strong></span> <span class='ocrx_word' id='word_1_79' title='bbox 628 3109 799 3175; x_wconf 78' lang='lat' dir='ltr'><strong>sanitatem</strong></span> <span class='ocrx_word' id='word_1_80' title='bbox 821 3113 925 3177; x_wconf 79' lang='lat' dir='ltr'><strong>facem</strong></span> <span class='ocrx_word' id='word_1_81' title='bbox 938 3115 1129 3196; x_wconf 80' lang='lat' dir='ltr'><strong>praetulerit</strong></span> <span class='ocrx_word' id='word_1_82' title='bbox 1137 3162 1152 3191; x_wconf 85' lang='lat'><em>„</em></span> 
     </span>
     <span class='ocr_line' id='line_1_14' title="bbox 135 3229 1146 3313; baseline 0.003 -19"><span class='ocrx_word' id='word_1_83' title='bbox 135 3231 191 3311; x_wconf 84' lang='lat' dir='ltr'><strong>vix</strong></span> <span class='ocrx_word' id='word_1_84' title='bbox 227 3229 369 3294; x_wconf 81' lang='lat' dir='ltr'><strong>dubitari</strong></span> <span class='ocrx_word' id='word_1_85' title='bbox 399 3251 487 3312; x_wconf 81' lang='lat' dir='ltr'><strong>posse</strong></span> <span class='ocrx_word' id='word_1_86' title='bbox 517 3230 657 3294; x_wconf 74' lang='lat' dir='ltr'><strong>videtur.</strong></span> <span class='ocrx_word' id='word_1_87' title='bbox 704 3229 743 3293; x_wconf 89' lang='lat' dir='ltr'><strong>In</strong></span> <span class='ocrx_word' id='word_1_88' title='bbox 763 3231 877 3313; x_wconf 89' lang='lat' dir='ltr'><strong>primis</strong></span> <span class='ocrx_word' id='word_1_89' title='bbox 902 3253 980 3297; x_wconf 80' lang='lat' dir='ltr'><strong>vero</strong></span> <span class='ocrx_word' id='word_1_90' title='bbox 1000 3234 1146 3298; x_wconf 84' lang='lat' dir='ltr'><strong>moribus</strong></span> 
     </span>
     <span class='ocr_line' id='line_1_15' title="bbox 134 3347 1160 3434; baseline 0.002 -20"><span class='ocrx_word' id='word_1_91' title='bbox 134 3349 274 3434; x_wconf 86' lang='lat' dir='ltr'><strong>publicis</strong></span> <span class='ocrx_word' id='word_1_92' title='bbox 295 3349 450 3432; x_wconf 73' lang='lat' dir='ltr'><strong>profuisse</strong></span> <span class='ocrx_word' id='word_1_93' title='bbox 474 3349 589 3412; x_wconf 85' lang='lat' dir='ltr'><strong>Lucilii</strong></span> <span class='ocrx_word' id='word_1_94' title='bbox 608 3349 718 3412; x_wconf 80' lang='lat' dir='ltr'><strong>satiras</strong></span> <span class='ocrx_word' id='word_1_95' title='bbox 736 3350 863 3432; x_wconf 86' lang='lat' dir='ltr'><strong>opinor.</strong></span> <span class='ocrx_word' id='word_1_96' title='bbox 898 3347 999 3434; x_wconf 85' lang='lat' dir='ltr'>Cujus</span> <span class='ocrx_word' id='word_1_97' title='bbox 1020 3349 1160 3433; x_wconf 59' lang='lat' dir='ltr'><strong>opinio?</strong></span> 
     </span>
     <span class='ocr_line' id='line_1_16' title="bbox 133 3467 1146 3554; baseline 0.003 -23"><span class='ocrx_word' id='word_1_98' title='bbox 133 3468 182 3532; x_wconf 83' lang='lat' dir='ltr'><strong>nis</strong></span> <span class='ocrx_word' id='word_1_99' title='bbox 211 3469 236 3531; x_wconf 83' lang='lat' dir='ltr'><strong>si</strong></span> <span class='ocrx_word' id='word_1_100' title='bbox 267 3469 338 3552; x_wconf 81' lang='lat' dir='ltr'><strong>quis</strong></span> <span class='ocrx_word' id='word_1_101' title='bbox 365 3480 559 3554; x_wconf 74' lang='lat' dir='ltr'>argumenta</span> <span class='ocrx_word' id='word_1_102' title='bbox 587 3467 747 3551; x_wconf 74' lang='lat' dir='ltr'><strong>requirit,</strong></span> <span class='ocrx_word' id='word_1_103' title='bbox 778 3468 926 3549; x_wconf 85' lang='lat' dir='ltr'><strong>primum</strong></span> <span class='ocrx_word' id='word_1_104' title='bbox 947 3467 982 3530; x_wconf 92' lang='lat' dir='ltr'><strong>in</strong></span> <span class='ocrx_word' id='word_1_105' title='bbox 998 3482 1146 3533; x_wconf 84' lang='lat' dir='ltr'>mentem</span> 
     </span>
     <span class='ocr_line' id='line_1_17' title="bbox 132 3583 1144 3670; baseline 0.001 -18"><span class='ocrx_word' id='word_1_106' title='bbox 132 3585 280 3652; x_wconf 82' lang='lat' dir='ltr'><strong>revocari</strong></span> <span class='ocrx_word' id='word_1_107' title='bbox 308 3588 406 3669; x_wconf 80' lang='lat' dir='ltr'><strong>possit</strong></span> <span class='ocrx_word' id='word_1_108' title='bbox 436 3586 535 3669; x_wconf 84' lang='lat' dir='ltr'><strong>Appii</strong></span> <span class='ocrx_word' id='word_1_109' title='bbox 563 3586 694 3670; x_wconf 83' lang='lat' dir='ltr'><strong>majoris</strong></span> <span class='ocrx_word' id='word_1_110' title='bbox 714 3587 793 3650; x_wconf 80' lang='lat' dir='ltr'>salse</span> <span class='ocrx_word' id='word_1_111' title='bbox 815 3583 943 3650; x_wconf 84' lang='lat' dir='ltr'><strong>dictum</strong></span> <span class='ocrx_word' id='word_1_112' title='bbox 967 3588 1007 3650; x_wconf 82' lang='lat' dir='ltr'><strong>de</strong></span> <span class='ocrx_word' id='word_1_113' title='bbox 1028 3609 1144 3670; x_wconf 86' lang='lat' dir='ltr'><strong>pecore</strong></span> 
     </span>
     <span class='ocr_line' id='line_1_18' title="bbox 131 3701 1142 3792; baseline 0.004 -24"><span class='ocrx_word' id='word_1_114' title='bbox 131 3705 278 3790; x_wconf 83' lang='lat' dir='ltr'><strong>publicos</strong></span> <span class='ocrx_word' id='word_1_115' title='bbox 290 3728 383 3792; x_wconf 78' lang='lat' dir='ltr'><strong>agros</strong></span> <span class='ocrx_word' id='word_1_116' title='bbox 395 3708 597 3789; x_wconf 71' lang='lat' dir='ltr'><strong>depascente:</strong></span> <span class='ocrx_word' id='word_1_117' title='bbox 621 3701 661 3769; x_wconf 88' lang='lat' dir='ltr'><em>N</em></span> <span class='ocrx_word' id='word_1_118' title='bbox 659 3728 701 3767; x_wconf 78' lang='lat' dir='ltr'><strong>on</strong></span> <span class='ocrx_word' id='word_1_119' title='bbox 713 3717 762 3768; x_wconf 72' lang='lat' dir='ltr'><strong>ent</strong></span> <span class='ocrx_word' id='word_1_120' title='bbox 775 3705 913 3770; x_wconf 70' lang='lat' dir='ltr'><strong>Lucilii</strong></span> <span class='ocrx_word' id='word_1_121' title='bbox 922 3729 1023 3792; x_wconf 72' lang='lat' dir='ltr'><strong>ponus</strong></span> <span class='ocrx_word' id='word_1_122' title='bbox 1032 3709 1142 3773; x_wconf 68' lang='lat' dir='ltr'><strong>iliad.-</strong></span> 
     </span>
     <span class='ocr_line' id='line_1_19' title="bbox 134 3824 1142 3914; baseline 0.004 -24"><span class='ocrx_word' id='word_1_123' title='bbox 134 3828 279 3890; x_wconf 74' lang='lat' dir='ltr'><strong>errotie:</strong></span> <span class='ocrx_word' id='word_1_124' title='bbox 294 3847 354 3912; x_wconf 77' lang='lat' dir='ltr'><strong>ego</strong></span> <span class='ocrx_word' id='word_1_125' title='bbox 378 3824 526 3889; x_wconf 79' lang='lat' dir='ltr'><strong>liberum</strong></span> <span class='ocrx_word' id='word_1_126' title='bbox 532 3836 620 3912; x_wconf 75' lang='lat' dir='ltr'><strong>puto</strong></span> <span class='ocrx_word' id='word_1_127' title='bbox 633 3848 714 3906; x_wconf 71' lang='lat' dir='ltr'><strong>enso3</strong></span> <span class='ocrx_word' id='word_1_128' title='bbox 737 3848 805 3912; x_wconf 79' lang='lat' dir='ltr'><strong>quo</strong></span> <span class='ocrx_word' id='word_1_129' title='bbox 827 3826 928 3903; x_wconf 77' lang='lat' dir='ltr'><strong><em>lubet,</em></strong></span> <span class='ocrx_word' id='word_1_130' title='bbox 936 3831 1101 3914; x_wconf 73' lang='lat' dir='ltr'><strong>pasoitur</strong></span> <span class='ocrx_word' id='word_1_131' title='bbox 1114 3829 1142 3893; x_wconf 87' lang='lat'><strong>¹.</strong></span> 
     </span>
    </p>
   </div>
   <div class='ocr_carea' id='block_1_4' title="bbox 135 4006 412 4024">
    <p class='ocr_par' dir='ltr' id='par_1_4' title="bbox 135 4006 412 4024">
     <span class='ocr_line' id='line_1_20' title="bbox 135 4006 412 4024; baseline 0.004 0"><span class='ocrx_word' id='word_1_132' title='bbox 135 4006 412 4024; x_wconf 49' lang='grc' dir='ltr'><strong><em>Μ</em></strong></span> 
     </span>
    </p>
   </div>
   <div class='ocr_carea' id='block_1_5' title="bbox 167 4113 467 4183">
    <p class='ocr_par' dir='ltr' id='par_1_5' title="bbox 167 4113 467 4183">
     <span class='ocr_line' id='line_1_21' title="bbox 167 4113 467 4183; baseline -0.007 -15"><span class='ocrx_word' id='word_1_133' title='bbox 167 4130 180 4168; x_wconf 92' lang='lat'>1</span> <span class='ocrx_word' id='word_1_134' title='bbox 217 4116 285 4183; x_wconf 86' lang='lat' dir='ltr'><strong>Sup.</strong></span> <span class='ocrx_word' id='word_1_135' title='bbox 303 4133 330 4182; x_wconf 85' lang='lat' dir='ltr'><strong>p·</strong></span> <span class='ocrx_word' id='word_1_136' title='bbox 353 4113 387 4167; x_wconf 84' lang='lat'><strong>48</strong></span> <span class='ocrx_word' id='word_1_137' title='bbox 405 4130 467 4182; x_wconf 89' lang='lat' dir='ltr'><strong>sqq.</strong></span> 
     </span>
    </p>
   </div>
   <div class='ocr_carea' id='block_1_6' title="bbox 0 0 1294 4756">
    <p class='ocr_par' dir='ltr' id='par_1_6' title="bbox 0 0 1294 4756">
     <span class='ocr_line' id='line_1_22' title="bbox 0 0 1294 4756; baseline 0 5"><span class='ocrx_word' id='word_1_138' title='bbox 0 0 1294 4756; x_wconf 95' lang='lat' dir='ltr'><strong> </strong></span> 
     </span>
    </p>
   </div>
  </div>
 </body>
</html>
