2580 4756
647 405 712 468 204

198 551 419 674 Quapropter
439 593 570 645 certam
584 592 634 644 aa
644 581 766 668 facere
788 594 910 645 contra
934 596 967 645 et
985 586 1151 670 persequi,

196 703 249 768 Et
272 723 392 766 nomen
414 698 548 785 deferre
572 698 738 762 hominio.-
763 698 824 761 loo
846 721 952 785 qaam
973 698 1118 785 feceris,

197 823 282 886 Cam
305 821 531 883 cetariorum
555 839 625 879 aaa
647 804 811 879 tradetur
834 816 954 902 Lapa:
1029 858 1033 862 -

193 935 272 1002 Noa
296 937 412 1001 aderit
434 940 547 1021 ἅρχαις
570 936 725 998 omnium
748 945 780 996 ot
802 933 973 997 otoioliis:
997 935 1104 998 simul

193 1056 385 1120 Detraeam
409 1068 484 1119 tota
507 1057 545 1118 oi
567 1025 800 1140 deiectamque
821 1053 939 1117 Italia

193 1174 363 1239 Prioarit
386 1196 462 1237 eam
470 1199 484 1252 3
509 1161 592 1261 igni
614 1183 647 1234 ot
670 1194 763 1257 aqna
787 1156 1041 1250 interdictoria
1064 1171 1120 1235 dao

191 1292 302 1356 Habet
327 1299 488 1377 στοιχεῖα,
513 1290 553 1354 id
574 1290 691 1352 nolit.-
711 1277 874 1374 prioahit
897 1302 1026 1354 tamen.

192 1410 259 1477 Sed
270 1411 434 1502 fingitur
452 1398 568 1498 saga,
594 1409 721 1474 timido
744 1409 843 1474 vadit
862 1408 947 1494 podo

192 1529 357 1594 Parcitur
379 1565 425 1577 —

189 1684 324 1695 ——-
347 1659 379 1710 to
399 1632 535 1733 eoujioo¹
550 1649 646 1710 intro
658 1695 667 1726 ,
692 1657 795 1731 atque
820 1668 854 1709 or
876 1648 995 1709 animo
1019 1645 1113 1709 horo:

189 1761 388 1830 Faoitorom
413 1788 465 1828 mo
487 1765 557 1829 tihi
581 1768 732 1828 amicam
756 1776 789 1826 et
811 1775 1005 1828 amatorem
1020 1775 1122 1850 pata,

190 1885 369 1973 Quaenam
387 1906 451 1947 voa
475 1906 515 1946 ea
538 1895 570 1946 te
593 1905 757 1947 resonam
779 1904 850 1945 meo
870 1881 992 1968 gradu

188 2000 374 2066 Remoram
391 2002 519 2089 facit?
531 2037 577 2047 -
820 1988 825 1999 ’

188 2121 257 2184 Hic
280 2143 331 2184 mo
353 2120 416 2183 ahi
438 2119 551 2195 uidet,
578 2117 785 2194 blanditur,
805 2119 1006 2204 palpatur,
1030 2127 1124 2204 caput

188 2233 308 2300 Scahit
355 2281 928 2302 ...........
975 2235 1102 2321 deierat

187 2352 285 2418 Eam
308 2356 501 2438 scripeieeo,
526 2365 557 2417 ot
575 2365 655 2438 poet
676 2376 743 2416 non
764 2357 1000 2440 eoriptaram:
1017 2352 1090 2418 rodi
1106 2355 1140 2416 ia

190 2469 447 2536 Consortionom
496 2519 503 2533 .
552 2516 561 2534 .
608 2519 616 2534 .
666 2519 674 2534 .
721 2494 743 2534 a
761 2494 813 2534 mo
837 2473 1042 2536 auxiliatur
1063 2495 1102 2535 ee

187 2587 288 2676 Quod
298 2599 336 2661 ⁸te
361 2589 568 2664 intromisi,
589 2591 756 2674 gratiam
779 2588 915 2674 referas
936 2589 1040 2653 milti.

140 2705 405 2794 Elegantieoinius
423 2706 475 2769 hic
495 2704 641 2770 Merulae
660 2706 744 2770 vieno
769 2720 816 2770 est
834 2707 1060 2793 dialogismus,
1083 2724 1138 2789 quo

139 2826 254 2910 aliquis
275 2825 443 2889 concilium
465 2825 551 2907 capit
573 2822 631 2888 lite
655 2846 732 2888 cum
753 2825 815 2889 alio
832 2827 1062 2890 contendendi,
1081 2821 1139 2888 Pri·

140 2964 235 3025 mum
259 2940 349 3005 enim
373 2941 514 3005 nominis
526 2941 723 3006 delationem
736 2943 847 3007 animo
859 2947 1024 3023 vomere,
1048 2965 1141 3030 quee-

140 3083 205 3149 que
223 3062 368 3124 delatum
387 3073 533 3136 moneat,
559 3059 822 3124 interdictionem
833 3065 846 3137 ,¹
866 3062 945 3126 velit
961 3064 1045 3128 nolit
1060 3084 1144 3136 reue,

129 3177 241 3263 'aquae
259 3157 291 3240 et
311 3176 404 3261 ignis.
451 3176 574 3240 Deinde
592 3181 705 3264 fugam
727 3181 896 3243 accusandi
922 3179 1062 3245 describi
1087 3201 1140 3263 pu-

136 3308 185 3361 tet
219 3307 253 3364 et
276 3315 373 3378 opem
396 3293 436 3356 ab
458 3315 496 3357 eo
520 3297 667 3372 fortasse,
691 3297 748 3381 qui
772 3319 921 3362 accusare
941 3299 1140 3373 instituisset,

137 3413 275 3505 fugienti
296 3416 407 3476 latam.
431 3411 505 3476 Non
525 3413 675 3489 habebit,
693 3416 738 3480 ait
757 3421 869 3500 poeta,
882 3416 1036 3483 omnium
1051 3420 1141 3504 ἀρχὰς

136 3547 169 3598 et
191 3542 348 3620 στοιχεῖα,
372 3532 470 3595 simul
492 3544 589 3616 atque
621 3555 706 3617 equa
727 3547 760 3599 et
777 3535 845 3621 igni
866 3537 1024 3602 damnato
1047 3539 1141 3602 inter·

58 3630 60 3636 ,
137 3652 262 3715 dictum
293 3650 429 3717 fuerim.
475 3651 543 3716 Etsi
566 3652 671 3727 absit,
694 3665 730 3717 ul
756 3624 864 3737 ipsum
893 3655 1014 3721 Lucilii
1038 3660 1142 3720 locum

137 3767 228 3831 omni
251 3789 291 3830 ex
311 3780 405 3852 parte
428 3768 594 3855 integrum
614 3771 802 3835 restitutum
821 3771 1018 3863 existimem,
1038 3788 1142 3840 temen

134 3906 264 3949 aeneum
286 3887 414 3968 aperuit
434 3884 581 3961 Merula,
611 3902 709 3974 atque
729 3890 962 3975 intelligimus,
987 3915 1055 3979 quo
1076 3914 1142 3958 mo·

172 4126 182 4158 1
223 4111 249 4158 Ji
259 4127 277 4158 n
290 4127 306 4157 n
320 4109 351 4157 ii
370 4112 484 4179 Μόνη.
504 4129 530 4175 p.
552 4114 610 4164 llo.
