2580 4756
589 458 590 461 Ν
609 365 673 433 aas

136 543 281 608 addunt
294 535 345 607 alii
374 553 406 607 et-
434 539 474 607 de
496 550 583 608 malo
606 546 726 610 Punico
748 569 849 631 grana
871 549 922 610 ¹.»
969 544 1047 614 Mox
1068 546 1143 615 lanx

133 664 256 724 resena
280 661 372 722 variis
397 653 573 743 inuitisque
599 663 771 742 primitiis,
797 686 879 746 quae
901 666 996 729 sacris
1018 667 1143 731 Cereris

132 777 360 850 inferebatur,
383 799 402 839 a
424 777 516 858 eopia
539 791 571 840 et
593 781 760 842 saturitate
781 781 828 842 rei
849 793 975 844 sature
998 783 1059 847 dici
1073 804 1144 847 coe-

134 895 203 975 pit;
225 896 315 977 quod
332 895 476 956 lancium
500 916 601 978 genus
614 909 757 974 tractum
771 897 896 960 fuissea
916 900 1019 962 choris
1034 901 1142 963 Liberi

134 1012 236 1094 patris
268 1026 420 1074 narratur
434 1011 457 1076 2.
508 1012 623 1094 Itaque
642 1013 863 1095 antiquissima
885 1016 969 1078 vocis
992 1017 1083 1079 notio
1100 1018 1144 1078 il-

134 1133 201 1192 lam
227 1128 394 1191 Romanae
416 1126 520 1212 gentis
542 1142 681 1193 aetatem
704 1145 876 1205 revocant,
901 1153 966 1213 qua

180 1242 370 1330 Agricolae
388 1246 508 1327 prisci
521 1289 529 1319 ‚
546 1243 683 1329 fortes,
703 1267 879 1330 parvoque
902 1247 1017 1323 beati,

184 1362 333 1426 Condita
350 1374 432 1446 pest
446 1362 653 1447 frumenta,
680 1369 829 1426 levantes
852 1377 1001 1449 tempore
1015 1366 1112 1451 sesto

180 1480 313 1564 Corpus
338 1491 370 1542 et
394 1484 511 1566 ipsum
524 1484 683 1544 animum
695 1480 847 1567 speflm‘s
860 1481 952 1544 dure
958 1481 1143 1566 ferentem,

181 1598 266 1660 Cum
289 1601 395 1660 sociis
419 1621 574 1682 operum,
594 1602 718 1682 pueris
741 1611 773 1662 et
795 1600 940 1685 conjuge
960 1598 1032 1672 fida

181 1714 355 1778 Tellurem
374 1737 502 1800 pereo,
528 1712 713 1779 Silvanum
739 1716 826 1778 laete
844 1716 1020 1799 piabant,
1087 1761 1090 1767 »

178 1831 348 1895 Floribus
372 1843 403 1893 et
427 1834 508 1894 vine
521 1829 668 1894 Genium
682 1876 691 1906 ,
710 1853 890 1893 memorem
902 1832 1015 1893 brevia
1027 1833 1104 1893 aevi
1115 1832 1144 1894 3.

135 1946 378 2028 Simplicissirna
393 1948 494 2032 igitur
518 1970 624 2031 quum
646 1948 796 2012 vocabuli
814 1947 971 2012 derivatio
992 1948 1033 2011 sit
1045 1970 1063 2011 a
1075 1960 1145 2023 eat,

135 2068 251 2139 satis,
275 2076 400 2139 satur,
424 2049 603 2129 videndurn
628 2067 797 2148 quomodo
820 2087 923 2150 genus
953 2070 1083 2146 poeseos
1106 2087 1147 2128 eo

135 2182 281 2266 insigniri
307 2183 459 2263 potuerit.

178 2298 284 2364 Varro
306 2287 434 2374 narrat,
450 2300 596 2363 homines
610 2299 745 2364 rusticos
758 2301 792 2363 in
804 2301 967 2364 vindemia
979 2300 1147 2363 incondita

135 2415 282 2479 earmina
304 2428 433 2479 eantare
452 2416 672 2488 consuevisse,
698 2419 879 2497 eodemque
899 2417 1146 2479 inconditorum

138 2554 307 2604 versuum,
323 2532 378 2612 qui
396 2529 589 2594 Saturnium
612 2552 791 2592 numerum
803 2531 1010 2603 referebant,
1025 2548 1147 2612 genere

134 2672 212 2715 eum
223 2648 470 2713 sarcinatricum
483 2647 682 2719 cantilenae,
697 2657 768 2707 tum
780 2647 999 2726 praeficarum
1013 2644 1151 2706 naeniae

134 2766 306 2845 constitere
322 2765 350 2838 5,
375 2777 415 2826 ,ut
429 2777 559 2845 praeter
571 2764 684 2824 modos
704 2763 755 2826 val
768 2762 922 2825 hilaritati
936 2763 987 2825 vel
999 2757 1150 2822 tristitiae

133 2903 314 2966 congruos,
339 2880 421 2942 nihil
433 2879 511 2943 certi
524 2877 714 2941 discriminis
727 2892 816 2943 esset.
836 2868 839 2874 ’
852 2875 962 2962 Pergit
975 2875 1148 2939 Horatius:

138 3035 182 3043 F„-
192 3028 417 3038 ...ν-...Μ

169 3120 181 3156 ι
219 3099 272 3151 Ed.
305 3099 364 3164 Bip.
392 3102 403 3150 l
429 3117 457 3165 p.
479 3100 538 3168 194.
569 3099 613 3150 ef.
633 3103 784 3152 Festus
808 3099 995 3161 msutura.

170 3219 184 3250 2
220 3198 345 3246 Diem.
374 3192 705 3268 ter.111p.482‚485.
739 3199 870 3255 Oemm,
904 3198 988 3264 Cruq.
1010 3197 1048 3245 ad
1072 3203 1145 3250 Hor.

138 3291 238 3354 Sal-I,
253 3307 278 3345 1.
592 3345 595 3352 ,

169 3390 187 3441 3
221 3393 311 3442 Hor.
331 3388 387 3456 Ep.
407 3385 450 3446 li,
472 3401 498 3447 ι,
521 3386 570 3436 140
587 3403 649 3452 sqq.

170 3486 188 3535 4
223 3487 387 3536 Nonius
416 3501 441 3534 r.
470 3482 782 3533 sarcinatrices
812 3481 1082 3545 etpraeficae.
1103 3477 1148 3528 Cf.

143 3585 258 3634 Varr.
289 3577 341 3630 Ed.
375 3576 743 3646 uip.1p.295.11,513.
770 3575 946 3634 Mae-rob.
970 3577 1087 3628 Satura.
1107 3571 1147 3636 V,

140 3691 172 3729 ιο
190 3675 293 3726 librum
310 3680 442 3727 memorat
460 3673 706 3726 vetustissimorum
723 3671 895 3731 carminum,
914 3671 961 3737 qui
979 3677 1040 3720 ente
1059 3670 1150 3721 omnia

138 3790 206 3842 quae
232 3791 244 3821 a
274 3771 381 3822 Latinis
399 3773 501 3837 scripta
520 3779 583 3822 suut
601 3771 769 3836 compositus
787 3769 942 3832 serebatur3
962 3771 990 3817 in
1009 3782 1064 3828 quo
1084 3784 1149 3818 rus·

139 3878 222 3922 ticum
239 3876 316 3922 verus
334 3869 471 3920 canticum
488 3869 563 3919 erat':
582 3866 712 3919 Hibern'o
731 3865 864 3934 pulvere,
889 3882 974 3916 verne
985 3864 1048 3915 luto
1057 3880 1149 3931 gran-

140 3969 311 4038 diafasra,
334 3966 471 4028 Camilla,
493 3974 591 4016 rueres.
608 3962 661 4014 cff.
680 3962 834 4034 lietsclz
856 3967 883 4010 et
902 3963 1088 4011 Drintzer
1117 3959 1149 4005 de

140 4083 235 4126 versu,
261 4081 342 4130 quem
358 4071 482 4124 vocent,
507 4061 642 4111 Saturnio
661 4075 689 4123 p.
708 4057 751 4109 61.
