2580 4756
610 366 668 424 241

130 539 203 606 tam
227 541 295 623 ejus
322 540 480 622 scripsisse
493 538 520 604 ¹.
565 539 658 603 Idem
690 552 819 621 praeter
842 535 1105 604 Plutarchum
1126 540 1142 588 ²

132 659 212 722 alios
241 657 430 731 instituisse,
466 658 540 719 inde
568 671 659 739 patet
691 660 781 740 quod
803 655 925 720 Gellius
949 657 1047 720 libros
1072 679 1142 720 me-

129 789 261 852 morat,
294 776 351 859 qui
377 779 419 840 de
443 776 508 839 vita
530 779 597 859 ejus
629 775 800 857 compositi
819 776 916 857 ipsius
936 790 1039 840 aetate
1052 780 1159 861 lege,

131 893 294 957 bantur3.
339 891 404 956 Sed
428 893 554 957 Rutilio
582 895 726 975 ejusdem
762 892 868 976 operis
900 895 1068 957 aemulum
1086 897 1142 959 ad·

130 1012 227 1096 jungi
255 1011 401 1074 videmus
422 1010 638 1073 Lucilium.
686 1011 738 1074 Ad
758 1010 813 1073 illa
832 1010 921 1074 enim
942 1011 1087 1077 Trebatii
1104 1014 1145 1074 ad

135 1129 313 1193 Horatium
335 1129 452 1192 rerba:

179 1247 347 1314 Attamen
370 1259 402 1310 et
415 1249 560 1333 justam
576 1248 720 1334 poterae
739 1262 772 1312 et
796 1251 946 1313 seribere
962 1249 1121 1335 fortem,

180 1364 385 1451 Scipiadam
410 1377 448 1428 ut
473 1368 611 1451 sapiens
634 1366 876 1430 Lucilius-*4

133 1487 216 1548 haec
239 1485 418 1565 interpres:
453 1482 518 1549 «Si
539 1506 605 1548 nou
626 1499 715 1567 potes
733 1499 821 1570 gesta
835 1484 975 1549 Caesaris
986 1486 1145 1560 scribere,

133 1615 169 1664 at
204 1615 293 1683 potes
324 1602 483 1684 justitiam
507 1582 549 1665 ‘et
577 1603 829 1678 fortitudinem,
854 1616 891 1665 ut
910 1603 1052 1666 Lucilius
1073 1602 1146 1667 Sci·

134 1719 226 1801 pioni
264 1721 360 1794 fecit,
402 1721 460 1802 qui
492 1720 598 1783 ¹vitam
632 1720 718 1783 illius
755 1720 920 1801 privatam
954 1721 1147 1802 descripsit,

135 1836 261 1901 Ennius
286 1858 364 1901 vero
384 1837 509 1901 hella5.
524 1858 540 1896 a
586 1837 677 1920 Quae
702 1837 802 1901 verba
821 1837 847 1900 si
869 1859 945 1900 cum
973 1839 1021 1900 his
1045 1839 1147 1902 Acro-

134 1955 183 2017 nis
218 1958 366 2017 confers:
404 1980 420 2020 «
434 1955 460 2023 si
489 1976 538 2017 res
569 1955 697 2017 bellicas
732 1955 799 2037 ejus
832 1976 899 2017 non
927 1969 1055 2037 poteras
1088 1961 1148 2020 de·

131 2073 299 2146 scribere,
324 2086 470 2135 attamen
489 2072 650 2155 justitiam
675 2073 947 2158 etpfortitudinem
967 2056 1068 2137 animi
1082 2078 1148 2158 ejus

136 2194 270 2253 laudare
298 2206 445 2272 poteras,
466 2191 549 2255 sicut
568 2191 725 2274 Scipionis
745 2215 764 2255 a
786 2193 913 2258 Lucilio
933 2195 998 2257 vita
1018 2187 1148 2260 laudata

134 2323 182 2372 est
195 2329 212 2368 a
245 2310 337 2373 facile
350 2312 476 2384 credas,
501 2323 664 2392 postrema
681 2311 779 2374 verba
798 2310 942 2375 Eretriae
958 2335 1036 2376 vero
1053 2314 1145 2378 bella

135 2450 202 2491 non
226 2449 290 2491 esse
310 2427 494 2509 interpretis
508 2448 614 2508 posse,
646 2430 701 2492 sed
724 2430 827 2491 aliena
850 2451 951 2491 manu
968 2432 1149 2510 superiori-

135 2547 196 2608 bus
220 2547 355 2628 adjecta.
407 2542 535 2609 Verum
554 2546 643 2605 haud
668 2543 756 2606 aliud
777 2546 911 2606 voluisse
935 2546 1148 2626 interpretem

135 2676 242 2746 patet:
275 2685 353 2726 nam
385 2658 593 2747 Scipiadam
622 2680 700 2729 eum
722 2661 895 2742 intelligit,
919 2662 978 2743 qui
1002 2661 1148 2725 Anniba-

145 2869 424 2894 .—..-„

168 3023 180 3064 ι
220 3006 321 3056 Isid.
345 3006 443 3072 Origg.
464 3003 536 3064 XX,
557 3020 598 3058 ιι.
631 3004 675 3055 Cf.
695 3005 852 3069 Majans.
877 3009 977 3057 Gomm.
1005 3011 1043 3059 ad
1062 3007 1145 3070 XXX

133 3106 270 3164 Jctorum
277 3103 388 3172 fragm.
409 3099 437 3151 ll
457 3118 487 3166 p.
505 3103 546 3155 ιδ.
568 3098 661 3168 Vulgo
673 3101 724 3168 leg.
746 3102 785 3152 de
804 3104 879 3154 vita
898 3120 975 3166 sue,
995 3104 1039 3154 sed
1053 3105 1080 3154 in
1093 3108 1148 3159 Ed.

134 3204 206 3270 Reg.
222 3200 349 3252 Madrid.
366 3198 405 3248 de
423 3199 499 3252 vita
518 3199 715 3264 Scipionis.

167 3313 185 3348 2
220 3290 321 3347 Ptat.
344 3297 407 3348 Vit.
431 3297 476 3347 Ti.
500 3298 548 3348 Gr.
568 3312 610 3348 αι.

168 3393 186 3443 5
226 3392 324 3443 (tell.
345 3391 404 3454 tlt,
426 3392 452 3444 4.
487 3392 515 3442 0.
538 3390 840 3460 Sigoniusvitarn
869 3392 1009 3457 Scipionis
1028 3395 1148 3460 scripsit.

133 3489 188 3540 Gli.
205 3491 263 3556 ejus
282 3493 352 3559 Opp.
373 3506 400 3554 p.
422 3505 488 3557 ¹⁰72
507 3504 569 3555 sqq.

131 3640 134 3641 γ
168 3587 188 3638 4
225 3585 460 3649 Sat.tt,1,16.

168 3681 185 3733 5
225 3685 471 3750 C,omm.·Cruq·
500 3698 530 3747 p.
552 3675 611 3748 ⁶⁰7·
644 3679 828 3734 Tertull.
855 3682 943 3749 Apol,
972 3683 1036 3736 adv.
1067 3689 1147 3737 Gent.

135 3797 161 3836 c.
181 3797 209 3833 u
244 3778 390 3831 Horatium
416 3793 472 3827 non
501 3776 621 3842 respexit
643 3775 787 3825 scribens:
833 3777 903 3845 Quis
933 3797 966 3827 ex
996 3779 1054 3832 illis
1085 3785 1150 3832 Diis

134 3877 240 3926 vestris
267 3877 383 3942 gravior
412 3883 442 3924 et
462 3874 620 3940 sapientior
640 3869 776 3923 Catone?
800 3873 969 3936 justior
991 3886 1019 3926 et
1039 3877 1148 3928 miti,

135 3980 178 4020 ta
189 3990 204 4020 r
215 3972 226 4018 i
237 3988 252 4018 o
265 3989 280 4019 r
312 3970 469 4037 Scipione?
498 3965 645 4018 Fortitudo
668 3969 750 4018 animi
769 3975 796 4018 et
813 3972 966 4022 constantia
989 3970 1148 4032 intelligen-

136 4066 168 4122 da
188 4065 259 4132 apud
272 4066 433 4116 Horatium:
460 4066 561 4131 quippe
586 4064 717 4129 opposuit
738 4068 867 4116 (laceraris
889 4068 990 4116 invicti
1007 4082 1062 4114 res.

658 4196 697 4252 16
