2580 4756
633 334 697 415 arc

164 504 329 570 Praeclare
368 507 514 582 Laelius,
553 522 589 571 et
623 523 710 573 recte
746 515 847 591 σοφὸς·
896 511 1045 599 illudque
1081 542 1157 583 vere:

210 623 239 688 0
253 624 376 700 Publi,
391 648 561 713 effringet,
578 623 742 690 Galloni:
756 651 788 689 ec
802 629 900 693 homo
912 634 1032 710 rnicer,
1046 638 1157 722 inquit.

208 743 369 808 Coenasti
378 747 418 807 icc
433 747 506 807 citu
518 767 696 831 uunquam
709 745 795 822 bene,
806 772 912 833 quum
923 756 1041 816 onmia
1055 758 1156 818 inicio

207 863 389 928 Consumis
413 864 550 950 squillo
565 875 667 948 atque
684 867 877 950 acipensere
889 891 967 932 cum
980 869 1155 936 decumano.

164 983 194 1046 Is
217 985 296 1045 haec
318 982 481 1065 loquitur,
506 983 579 1064 qui,
604 982 638 1043 in
662 984 828 1064 voluptate
852 985 934 1049 nihil
957 1009 1095 1069 ponens,
1114 1011 1156 1052 ne-

165 1114 220 1188 gat
245 1123 322 1164 eum
340 1101 422 1164 bene
446 1121 601 1175 coenare,
626 1102 682 1186 qui
700 1102 810 1165 omnia
830 1117 932 1185 ponat
941 1105 1153 1189 inuoluptate:

164 1231 197 1285 et
221 1235 332 1284 tamen
354 1240 421 1283 non
442 1233 561 1304 negat,
598 1218 737 1282 libenter
764 1242 912 1303 unquam
935 1244 1080 1288 coenasse
1095 1222 1153 1287 Gal·

167 1338 313 1415 lonium;
339 1337 533 1400 mentiretur
555 1336 660 1398 enirn:
690 1338 744 1398 sed
766 1337 858 1401 bene.
905 1337 957 1402 Ita
980 1340 1114 1425 graviter
1129 1353 1152 1402 et

163 1478 272 1520 severe
295 1459 498 1536 voluptatem
519 1456 657 1517 secernit
678 1476 696 1516 a
714 1455 811 1518 bono.
860 1455 908 1517 Ex
933 1478 1001 1540 quo
1024 1458 1096 1520 illud
1114 1460 1152 1519 el·

165 1573 294 1648 ficitur,
332 1573 388 1657 qui
424 1573 507 1636 bene
531 1585 687 1646 coenent,
718 1592 830 1635 omnes
854 1556 994 1636 libenter
1019 1595 1149 1637 coenare:

164 1691 220 1776 qui
250 1691 412 1766 libenter,
448 1711 515 1752 non
550 1689 705 1753 continno
737 1689 832 1754 bene.
880 1688 1017 1773 Semper
1049 1690 1148 1754 Laelius

163 1810 257 1873 bene.
305 1807 392 1890 Quid
416 1806 525 1869 bene?
560 1807 652 1869 Dicet
676 1807 841 1870 Lucilius:

929 1927 1046 2002 Cocio,

301 2042 443 2106 Condito

167 2160 228 2225 Sed
256 2165 334 2225 cedo
357 2171 457 2242 caput
480 2182 616 2224 coenae.-

478 2302 628 2341 cec·mone
652 2279 745 2342 hoico.

167 2396 253 2482 Quid
278 2418 315 2457 cx
340 2394 401 2458 eo?

697 2514 739 2582 Si
762 2521 908 2604 quoeri’,
937 2520 1086 2584 libenter.

167 2635 327 2701 Veniebat
350 2634 439 2698 enim
467 2637 507 2696 ad
537 2654 696 2711 coenam,
721 2650 758 2699 ut
781 2637 893 2700 animo
918 2639 1033 2721 quieto
1051 2634 1151 2703 satine

169 2757 324 2821 desideria
346 2769 491 2819 naturae.
539 2755 639 2819 Recte
664 2777 742 2840 ergo
762 2755 789 2820 is
808 2771 925 2842 negat,
951 2781 1093 2843 unquam
1113 2755 1153 2818 be

170 2898 210 2938 ne
229 2896 373 2938 coenasse
399 2873 608 2937 Gallonium:
634 2887 744 2949 recte,
769 2875 945 2939 miserum:
971 2899 1075 2960 quum
1085 2892 1154 2958 prae

169 2993 281 3058 sertim
312 2993 345 3054 in
383 3013 421 3054 eo
454 3012 551 3054 omne
583 2991 728 3054 studium
755 3007 971 3058 consumeret.
1018 2988 1157 3078 Quemli-

171 3113 286 3173 benter
311 3131 456 3172 coenasse
491 3130 589 3171 nemo
618 3123 728 3194 negat.
777 3108 845 3174 Cur
863 3112 966 3196 igitur
984 3134 1051 3176 non
1071 3103 1157 3176 bene?

174 3226 260 3312 Quia
292 3230 381 3311 quod
404 3226 510 3302 bene,
543 3226 577 3289 id
602 3238 710 3302 recte,
735 3230 928 3314 frugaliter,
953 3221 1098 3297 honeste:
1119 3227 1156 3289 illc

169 3369 269 3433 porro
292 3349 394 3422 male,
419 3366 536 3428 prave,
566 3347 735 3428 nequiter,
760 3348 900 3429 turpiter
918 3351 1085 3415 coenabat.
1102 3344 1157 3412 Non

171 3466 272 3554 igitur
293 3487 353 3530 nec
374 3463 496 3548 lapathi
516 3464 711 3528 suavitatem
735 3467 912 3548 acipenceri
937 3466 1076 3533 Gallonii
1096 3465 1160 3529 Lac·

172 3586 232 3649 lius
267 3585 502 3666 componebat,
540 3584 595 3645 sed
625 3583 819 3647 suavitatem
853 3583 1158 3674 ipsamnegligehtt:

174 3704 263 3784 quod
293 3721 360 3763 non
384 3703 524 3768 faceret,
547 3701 571 3764 ci
598 3701 631 3762 in
660 3703 827 3784 voluptate
854 3724 1028 3769 summum
1057 3703 1158 3765 bonnm

172 3816 346 3902 pone1·et·1.
363 3837 379 3874 »
426 3815 522 3880 Hunc
540 3821 649 3882 locum
672 3818 930 3896 considerantes,
956 3819 1159 3905 intelligimus·

186 3991 463 4010 D—-—-⁸··—·——

170 4170 172 4176 y
210 4121 220 4158 ι
265 4105 330 4151 Cio.
349 4103 380 4150 dr
404 4102 464 4156 Flu.
486 4100 526 4164 li,
548 4104 576 4165 8,
599 4104 642 4154 24.
663 4105 696 4154 28
729 4121 771 4172 90.
