2580 4756
192 1028 490 1097 eucrursusu
523 1003 731 1096 rorisuos
760 1026 1090 1119 uxrsrmsrro.

435 1168 564 1236 sruu
595 1166 855 1237 cosmum.

529 1440 752 1476 -400—

192 1649 381 1739 0rdiamur
409 1676 451 1738 ab
484 1675 611 1759 aequali
635 1689 793 1759 tempore.
838 1671 1010 1758 Numquid
1029 1694 1142 1757 super-

135 1812 182 1862 est
204 1799 351 1885 vestigii,
379 1803 466 1864 unde
488 1800 618 1875 efficias,
636 1822 701 1884 qua
715 1812 825 1863 mente
848 1799 1010 1885 aequales
1032 1805 1142 1883 politae

136 1917 246 1981 satiras
258 1919 469 2001 acceperint?
493 1920 551 1983 Est
562 1919 679 1984 sanein
688 1918 878 2004 fragmentis
890 1939 998 1983 versus
1012 1920 1081 2005 ,qui
1094 1941 1141 1985 eas

134 2036 356 2118 maximopere
368 2038 521 2120 placuisse
532 2037 591 2101 illis
603 2039 716 2101 docere
730 2036 887 2102 rideatur.
899 2035 1029 2103 Dicitur
1040 2038 1144 2103 enim:

182 2153 235 2217 Et
254 2156 327 2218 selu
351 2177 391 2218 ec
412 2156 540 2218 mallis
557 2177 647 2218 nunc
670 2167 792 2218 nostra
805 2157 969 2241 poemata
992 2155 1106 2234 ferri,

123 2342 125 2347 ,
183 2271 237 2335 Et
262 2294 325 2335 sue
346 2275 539 2358 perciperet
558 2285 651 2336 retro
668 2274 812 2337 rellicta
827 2274 988 2361 jecere¹.

138 2390 281 2455 Tametsi
306 2412 383 2455 vero
399 2391 568 2475 probabile
590 2392 647 2467 sit,
666 2395 706 2456 de
729 2394 792 2456 suis
809 2393 842 2457 id
864 2394 1145 2479 Luciliumipsum

137 2510 263 2594 scriptis
298 2531 504 2584 memorare,
531 2525 642 2576 tamen
675 2514 864 2589 fatendum,
883 2513 1014 2577 cuidam
1035 2536 1075 2578 ex
1095 2536 1148 2579 ae·

142 2630 290 2716 qualibus
311 2629 413 2714 poe'tis
433 2634 483 2695 vel
501 2654 540 2696 ex
556 2631 775 2714 superioribus
788 2653 859 2694 eam
870 2633 994 2715 proprii
1007 2632 1149 2716 ipsorum

144 2751 248 2833 operis
259 2751 478 2815 laudationem
499 2750 600 2816 tribui
622 2773 641 2814 a
666 2749 791 2814 Lucilio
808 2751 958 2833 potuisse.
983 2748 1048 2815 Sed
1071 2751 1150 2814 nihil

138 2870 239 2944 obest,
254 2869 428 2952 quominus
446 2870 554 2952 ipsum
567 2870 612 2933 ita
621 2871 660 2934 de
671 2891 703 2933 se
713 2869 909 2952 praedicasse
919 2869 1150 2949 existimemus

145 2988 226 3072 quin
249 2988 487 3050 confirmamur
511 2989 826 3071 quodammodohac
846 2988 1020 3070 opinione,
1045 2990 1153 3053 anim·

145 3109 364 3180 advertentes,
398 3127 437 3168 ex
475 3104 642 3190 trigesimo
671 3105 757 3169 libro
778 3128 886 3171 versus
910 3126 961 3170 eos
982 3129 1153 3192 superesse.

146 3224 213 3310 Qui
241 3224 324 3288 liber
352 3244 457 3306 quum
481 3235 645 3286 extremus
665 3222 763 3288 totius
787 3223 891 3308 operis
914 3224 1095 3305 habeatur,
1117 3229 1154 3291 de

148 3343 259 3409 ceteris
293 3344 364 3427 jam
395 3340 486 3405 editis
507 3340 645 3425 judicari
665 3342 740 3406 satis
758 3355 908 3425 poterat,
929 3365 1011 3407 num
1034 3347 1155 3429 populo

150 3468 314 3548 placerent
343 3475 376 3525 et
408 3462 593 3524 multorum
616 3460 651 3523 in
670 3461 820 3524 manibus
844 3475 956 3527 essent.
988 3462 1156 3530 Praeterea

150 3583 308 3647 habemus
330 3580 369 3646 V
367 3581 404 3645 el
412 3582 426 3644 l
432 3581 469 3668 ej
476 3581 491 3644 i
510 3579 740 3644 Paterculi
753 3580 989 3652 testimonium,
1002 3586 1060 3667 qui
1074 3589 1157 3650 clara

151 3699 279 3786 pristini
291 3697 359 3763 aevi
371 3698 500 3785 ingenia
507 3702 660 3776 recolens,
680 3700 804 3764 celebre
817 3700 933 3765 Lucilii
945 3723 1066 3769 nomen
1079 3705 1158 3770 iuis·

190 3969 203 4009 1
238 3953 354 4009 Lucil.
374 3956 421 4005 Fr.
441 3952 552 4019 XXX,
573 3975 618 4026 29,
639 3956 681 4010 51.
702 3952 808 4008 Versus
823 3957 1062 4027 jungendosesee,
1088 3968 1158 4016 recle

156 4053 371 4107 animadversum
389 4059 438 4108 est.
455 4054 508 4106 cff.
527 4063 610 4107 nelos
628 4055 665 4106 ad
682 4055 834 4106 Nonium
852 4072 880 4122 p.
901 4056 959 4126 ¹73·
