2580 4756
608 316 651 376 88

134 505 251 578 troque
270 494 396 576 turpius
411 505 479 568 est,
496 492 585 577 quod
605 491 740 576 quisque
756 509 927 575 perperam
943 487 1040 576 (puer
1048 485 1127 577 jam)

132 612 245 707 discit,
277 615 312 678 in
343 624 506 677 senectute
539 611 685 676 confiteri
707 632 774 675 non
804 614 885 676 vult.
931 608 995 676 Sed
1017 621 1131 675 neme

124 743 232 825 'putes
252 730 448 816 improbasse
461 729 627 794 schedium
652 729 858 794 Luciliuuoe
880 729 1132 816 improbitatis,

138 850 226 936 quod
245 849 347 916 sentio
371 862 402 914 et
423 849 490 932 ipse
510 847 652 913 carmine
674 849 824 934 effingam
837 847 896 912 1.»
946 847 997 912 Ex
1021 847 1135 932 quibus

137 966 303 1057 imitantis,
319 969 422 1033 verbis
452 980 606 1051 apparet,
631 967 793 1031 Lucilium
816 967 889 1031 irati
909 965 1013 1030 animi
1031 985 1136 1031 sensus

137 1089 233 1169 plene
257 1085 456 1173 largiterque
476 1086 639 1150 effundere
652 1085 861 1150 consuevisse.
874 1084 995 1148 Pariter
1007 1097 1137 1160 autem,

139 1206 181 1268 ad
193 1202 381 1269 Ciceronem
397 1204 553 1280 scribens,
566 1203 789 1268 Trebonius
811 1205 851 1267 de
864 1204 930 1287 ejus
947 1208 984 1266 et'
991 1201 1139 1267 libertate

140 1336 172 1390 et
195 1326 357 1390 malarum
382 1323 502 1402 artium
523 1321 600 1388 odio
619 1324 737 1386 refert:
763 1320 831 1388 «In
852 1321 1018 1386 versieulis
1032 1320 1059 1385 si
1083 1319 1139 1383 tibi

143 1440 336 1527 quibusdam
348 1439 453 1508 verbis
465 1439 781 1525 εὐθυῤῥημονέστερος
793 1437 948 1515 videbor,
971 1438 1142 1522 turpitudo

142 1581 295 1643 personae
326 1560 414 1643 ejus,
435 1558 468 1622 in
492 1556 707 1642 quamliberi
727 1557 931 1634 invehimur,
952 1577 1010 1620 nos
1032 1556 1141 1622 vindi-

143 1679 240 1773 cabit.
286 1678 431 1767 ignosces
456 1677 554 1746 etiam
576 1676 762 1744 iracundiae
781 1658 930 1752 nostrae,
953 1696 1038 1760 quae
1055 1677 1141 1760 justa

142 1809 189 1863 est
220 1797 255 1864 in
277 1796 434 1881 ejusmodi
465 1795 612 1864 homines
640 1808 672 1860 et
692 1794 783 1859 cives.
829 1776 963 1858 Deinde
982 1792 1042 1879 qui
1071 1815 1139 1858 ma·

145 1915 192 2003 gis
218 1915 278 1979 loe
310 1914 434 1980 Lucilio
462 1914 588 1978 licuerit
619 1934 780 1977 assumere
811 1912 1012 1990 libertatis,
1040 1933 1141 1997 quam

145 2033 264 2100 nobis?
299 2054 422 2117 quum,
445 2032 569 2096 etiamsi
593 2031 669 2096 odio
687 2033 775 2117 puri
797 2031 949 2095 fueritin
968 2051 1039 2106 eos,
1065 2051 1143 2115 quos

147 2151 254 2228 laesit,
286 2163 397 2217 tamen
424 2162 510 2215 certe
541 2170 609 2213 non
642 2149 744 2234 magis
771 2150 885 2234 dignos
899 2147 1078 2224 habuerit,
1112 2147 1145 2211 in

149 2291 228 2356 quos
246 2282 335 2338 tanta
354 2268 501 2334 libertate
518 2267 694 2333 verborum
714 2266 893 2332 incurreret
911 2266 939 2331 ².
955 2287 973 2329 t>
1010 2266 1064 2330 Ab
1076 2265 1147 2332 Ho-

150 2389 267 2458 ratio
279 2388 381 2456 dictus
394 2401 440 2452 est
446 2384 678 2481 perfricuisse
690 2388 808 2452 urbem
816 2386 1063 2450 -detruuisse
1075 2385 1149 2472 pel-

152 2510 238 2585 lem,
260 2506 488 2594 nitidusque
501 2507 653 2600 quisque
661 2537 665 2557 ε
668 2530 733 2593 per
754 2514 816 2572 ora
838 2505 965 2575 eederet
975 2519 986 2582 ',
1013 2505 1149 2570 iutrar-

150 2651 227 2696 sum
251 2628 424 2717 turpis—
437 2625 575 2691 laesisse
591 2627 719 2691 eosdem
743 2638 776 2690 et
803 2626 1012 2710 cooperuisse
1037 2626 1150 2688 versi·

60 2802 62 2806 ,
152 2747 474 2833 hus-arripuisse
491 2747 667 2832 primores
684 2744 812 2831 populi
826 2744 1059 2829 populumque
1080 2745 1152 2807 tri-

154 2865 307 2933 butim3.
352 2864 382 2929 A
408 2864 566 2929 Persio
597 2866 742 2930 secuisse
767 2862 886 2927 urbem
908 2874 940 2926 et
959 2864 1151 2950 genuinum

146 2985 303 3079 fregisse
337 2987 377 3054 iu
410 2979 618 3069 impertiet.
663 2980 823 3047 Omnium
852 3002 929 3046 vero
963 2981 1149 3066 gravissime

156 3103 401 3173 Juvenans:

193 3499 206 3536 ι
249 3480 336 3533 Satis.
353 3478 379 3530 4.
400 3475 458 3529 Alii
475 3476 566 3545 legunt
587 3475 821 3543 humilitatis,
839 3477 912 3548 quod
932 3478 1082 3530 sententiae
1103 3479 1157 3529 oh-

160 3586 209 3631 est.
228 3572 722 3646 Improbs'tutem'reclesexplicanlde
734 3592 778 3642 eo,
790 3576 864 3646 quod
880 3573 967 3629 multo
983 3575 1038 3627 sale
1054 3573 1157 3642 periri-

160 3676 217 3730 cuit
238 3674 333 3726 urbem
353 3671 495 3739 Lucilius,
512 3671 648 3725 Martialis
664 3672 803 3727 laudantes
819 3674 958 3746 improbos
970 3673 1098 3727 Phaedri
1107 3673 1157 3741 jo·

163 3790 210 3827 cos
225 3787 260 3823 ex
277 3771 379 3840 Bpigr.
398 3767 457 3833 111,
476 3786 519 3822 πο.

195 3885 213 3923 2
248 3871 321 3938 Epp.
338 3868 376 3919 ud
392 3868 471 3919 Fam.
489 3863 564 3931 xll,
583 3866 628 3933 16,
645 3867 672 3919 ὅ.

193 3967 212 4020 ὅ
249 3968 310 4019 Set.
328 3964 353 4029 1,
373 3978 479 4028 ro,12.
499 3963 543 4030 11,
563 3981 590 4034 1,
607 3963 653 4031 64,
672 3963 779 4035 67-59.

194 4064 213 4119 4
250 4066 312 4119 Sat.
332 4061 355 4128 l,
375 4061 434 4116 115·
