2580 4756
612 348 672 408 155

181 517 305 584 Mirum
319 565 328 596 ,
352 541 437 585 novo
450 519 568 585 editori
579 521 707 586 silentio
718 521 982 604 praetermissam
995 544 1060 586 esse
1072 542 1146 586 eam

134 634 372 702 collectionem.
396 637 423 700 F
425 638 473 701 uit
484 638 509 701 is
522 638 549 702 F
558 660 586 703 r.
600 637 618 701 J
625 637 691 703 ani
713 638 750 703 F.
775 639 937 714 Dousa,
962 638 1020 723 qui
1033 640 1127 724 singu
1146 671 1161 724 '.

132 755 238 818 larem
269 754 485 831 industriam,
510 775 612 838 quam
639 755 675 821 in
701 756 832 820 edendis
860 768 894 820 et
915 755 1149 838 locupletandis
1244 800 1248 805 -

135 869 332 956 fragmentis
367 884 535 954 posuerat,
562 871 691 953 auspice
724 871 791 937 Jos.
825 869 990 958 scaligero
1012 871 1148 936 eruditis

131 984 295 1068 probavit.
348 981 580 1069 Copiosissimis
608 988 692 1052 notis
726 986 830 1054 varias
862 989 962 1072 patris
992 988 1041 1054 sui
1077 986 1149 1050 lani

132 1105 261 1168 Dousae
283 1107 484 1189 conjecturas
507 1107 707 1171 intertexuit.
743 1106 842 1170 Liber
864 1105 988 1190 prodiit
1010 1105 1126 1170 titulo:

182 1223 280 1286 1597.
309 1222 345 1286 C.
360 1220 499 1300 Lusttl,
521 1220 925 1307 Suerecni-Aurmtcattt',
937 1219 1150 1310 Satyrogra-

133 1339 285 1424 plorum
304 1342 511 1425 principie,
535 1339 606 1426 Eq.
630 1337 800 1416 Romani,
825 1336 1037 1425 Satyrorum
1066 1360 1152 1424 quat

136 1467 322 1542 supersunt
356 1456 542 1542 reliquias.
566 1457 673 1542 Lugd.
699 1456 771 1522 Bas.
792 1459 811 1520 4
831 1455 856 1519 ¹.

182 1571 270 1636 Haec
293 1573 391 1638 editio
423 1575 573 1657 princeps
599 1587 647 1638 est
672 1561 709 1638 et
740 1575 865 1657 saepius
901 1573 1056 1655 repetita:
1086 1590 1154 1637 non

137 1704 250 1754 tamen
281 1715 301 1756 a
332 1691 491 1773 proximis
514 1692 716 1769 editoribus,
740 1692 798 1776 qui
818 1712 878 1755 eur
900 1690 1079 1754 maluerint
1094 1711 1153 1753 an·

137 1809 318 1892 tiquiorem
342 1807 589 1891 Stephanorum.
610 1828 745 1891 operam
768 1807 884 1890 sequi,
905 1809 1061 1872 melatet.
1086 1806 1155 1871 An·

138 1941 171 1990 te
206 1946 284 1990 tero
319 1946 421 2009 quam
455 1912 661 2011 singulorum
696 1946 833 2008 operam
856 1945 1063 2003 recenseam,
1099 1925 1156 2009 qui

142 2044 177 2106 in
206 2044 383 2124 repetenda
402 2041 565 2106 Donsiana
579 2042 812 2127 acquieverunt
826 2087 835 2118 ,
848 2042 1054 2124 memorandi
1065 2040 1159 2107 nobis

137 2173 218 2224 sunt
242 2159 382 2223 Petrus
394 2157 555 2226 Colvics
571 2157 700 2247 (Colve)
714 2152 1155 2246 Brugemis,natusa.1567.

140 2275 1051 2360 tama.1594maturaaeaumnlascaleeietnsperiit.
1075 2275 1161 2343 Edi·
1226 2281 1228 2286 '

142 2398 192 2461 dit
204 2420 232 2460 a.
247 2397 332 2459 1588
356 2396 394 2461 L.
408 2394 610 2479 Appulejum
620 2398 881 2472 ,commentario
892 2396 1104 2474 illustratum,
1127 2408 1160 2460 et

144 2517 185 2578 ad
220 2513 392 2578 Sidonium
419 2535 453 2596 p.
481 2515 518 2576 11
549 2513 713 2597 pollicitus
745 2527 792 2577 est
822 2513 939 2576 Lucilii
971 2513 1158 2577 editionem.

146 2632 196 2699 Ac
214 2633 309 2706 serio
327 2631 460 2715 quidem
486 2633 552 2694 ¹hoc
582 2634 665 2713 'opus
689 2628 887 2694 meditatum
910 2641 1009 2712 atque
1028 2629 1064 2691 in
1088 2628 1162 2692 Lu-

146 2748 268 2814 cilianis
308 2747 499 2834 fragmentis
532 2748 644 2810 sedulo
675 2755 840 2812 versatum
873 2766 959 2821 esse,
998 2744 1084 2808 testis
1114 2755 1162 2809 est

147 2851 275 2942 Dousa,
307 2866 365 2952 qui
397 2886 476 2938 eum
508 2864 543 2927 in
568 2863 653 2928 notis
673 2865 714 2927 ad
735 2862 901 2927 Lucilium
925 2884 958 2946 p.
980 2863 1070 2944 1281,
1094 2865 1165 2926 lau·

149 2986 239 3051 davit
273 2997 306 3048 et
342 2982 605 3049 eruditissimum
624 2983 783 3066 juvenem
815 2981 1002 3066 appellavit.
1048 2983 1163 3059 Alter,

150 3103 346 3186 losephus
368 3100 523 3175 Isaeus,
548 3074 725 3176 Caesenas,
749 3097 977 3174 Lactantium,
1000 3100 1041 3162 ad
1065 3099 1166 3162 fidem

102 3205 107 3210 ⁵
151 3219 443 3288 vetustissimarum
479 3229 512 3282 et
536 3216 738 3300 optimarum
759 3215 1032 3280 membranarum
1057 3215 1168 3280 Bono-

152 3333 315 3404 niensium
328 3333 555 3422 recognitum,
574 3357 603 3400 a.
621 3326 707 3398 1646
732 3330 890 3399 Caesenae
903 3325 1016 3397 edidit.
1043 3333 1168 3399 Deinde

153 3456 282 3526 Romae
303 3477 332 3520 a.
349 3454 436 3519 1650
455 3465 547 3519 notas
564 3453 600 3517 in
620 3454 763 3518 eundem
772 3449 928 3537 vulgavit.
951 3448 1044 3515 Patet
1056 3463 1168 3516 autem

161 3663 441 3689 .--------

193 3790 206 3828 t
245 3771 299 3826 cff.
329 3768 362 3819 de
394 3783 423 3818 ca
451 3767 550 3836 Leipz.
573 3766 633 3824 Gel.
653 3763 838 3835 Ztg1735p.
857 3764 1033 3836 2730t757.
1072 3745 1181 3839 Suppl,

159 3873 200 3924 ad
229 3886 301 3921 nova
323 3867 399 3919 Acta
421 3864 539 3920 Erudit.
565 3864 644 3933 Iripc
667 3861 735 3933 1739
760 3861 842 3916 Tom.
865 3861 910 3917 lll
944 3862 1019 3922 Sect.
1043 3863 1072 3918 ll
1100 3865 1172 3930 ml,

159 3987 188 4037 p,
209 3966 323 4034 63-69.
361 3962 435 4013 Haec
456 3959 568 4028 quidem
590 3975 703 4011 censura
722 3965 829 4026 spectat
846 3944 923 4018 Edit.
949 3956 1082 4012 Venetam
1109 3959 1172 4009 anni

163 4063 242 4136 1755,
263 4061 309 4114 sed
328 4061 354 4111 in
376 4059 484 4112 Dousae
502 4055 607 4108 meritis
624 4055 775 4124 pendentiis
794 4063 926 4111 versatur.
948 4055 1026 4108 Illam
1038 4054 1169 4110 nonvidi,
