2580 4756
609 315 669 378 321

594 519 683 587 XVI.

180 724 354 791 Barth.
376 721 519 791 Adara.
542 722 690 802 XXXII,
717 731 746 791 1.
783 727 853 794 «In
874 749 934 793 ma.
967 746 1137 792 commen.

132 845 216 909 tario
235 844 367 922 Isidori,
402 846 459 931 qui
478 843 774 931 Drffarentr'aram
797 847 830 909 in
855 846 1054 911 membranis
1081 846 1136 910 in·

133 964 306 1040 scribitur,
344 986 444 1049 quem
480 965 644 1048 publicare
688 965 860 1049 aliquanda
891 977 925 1028 et
956 967 1137 1030 emaculare

133 1086 227 1158 volo,
255 1103 319 1146 non
343 1081 488 1169 intelligo
510 1082 589 1167 quid
609 1081 668 1146 sihi
693 1082 784 1146 velit:
807 1079 987 1146 Mortuum
998 1104 1137 1169 corpas,

124 1202 211 1288 jam
247 1204 413 1278 eraaimc,
446 1212 653 1276 emortuam,
681 1203 790 1264 marti
804 1203 1014 1286 prorimam.
1057 1201 1136 1266 Ea·

134 1323 342 1384 cratiae:

178 1439 321 1504 Mart-aa
340 1441 375 1503 εἰ
394 1437 491 1502 dicar
502 1439 587 1525 jam
606 1437 743 1525 pridem
766 1450 920 1503 emortua
941 1438 1055 1504 malis.

133 1559 220 1625 Tota
251 1554 402 1624 Lucretio
421 1558 503 1622 nihil
524 1562 587 1622 tale
609 1571 721 1623 exstat.
765 1557 876 1624 Nescio
896 1581 937 1624 an
956 1559 1135 1624 somniave-

133 1678 178 1742 rit
199 1680 393 1760 marcadus,
417 1699 459 1741 an
479 1698 558 1741 vero
574 1677 616 1742 sit
642 1677 919 1742 Lucilianum
939 1677 1061 1762 aliquid
1080 1679 1133 1742 ist-

133 1797 187 1860 hic
208 1809 411 1879 corruptum.
436 1792 604 1879 Scriptura
622 1817 696 1860 sane
713 1798 799 1860 clara
818 1808 851 1859 ct
862 1796 1029 1879 perapicua
1046 1809 1102 1863 eat.
1114 1818 1130 1857 a

580 1998 686 2068 XVII.

181 2208 430 2274 Charisius
453 2205 541 2271 lact.
555 2203 617 2271 Gr.
629 2205 656 2281 I,
668 2228 699 2289 p.
715 2208 756 2271 43
770 2207 904 2272 Putsch:
928 2207 1129 2276 «Camara

134 2329 309 2404 dicuntur,
329 2340 368 2390 ut
388 2325 520 2391 Verrius
543 2325 675 2391 Flaccus
697 2327 854 2400 affirmat,
884 2348 949 2390 non
968 2350 1130 2391 camara

133 2469 193 2530 per
212 2468 240 2511 e.
264 2444 327 2511 Sed
344 2443 599 2518 Lucretius,

481 2597 526 2610 -
554 2561 776 2647 Cameraaqua
797 2564 946 2625 caminis

226 2683 286 2748 Ea·
304 2681 460 2748 cratibus

134 2803 288 2876 dicendo,
311 2803 408 2865 ctiam
429 2821 600 2863 camaram
620 2798 683 2877 dici
705 2819 795 2882 posse
815 2799 990 2863 ostendit.»

263 2917 387 2970 Cramer
415 2914 510 2966 Comm-
539 2927 604 2966 vert.
629 2924 655 2966 m
681 2916 776 2967 Javcn.
802 2932 828 2977 p.
848 2914 905 2966 509.
934 2919 983 2966 «ln
999 2920 1130 2968 hlsvcrblr

227 3021 326 3079 haereo,
346 3029 390 3064 nac
400 3029 439 3062 rua
450 3016 559 3074 expello.
591 3014 655 3074 Qum
665 3015 729 3061 enlm
739 3015 784 3061 illa
801 3029 835 3062 erc
847 3018 954 3071 cratibus
965 3009 980 3060 ?
994 3015 1132 3062 Lucreti!

228 3125 278 3162 esse
297 3117 420 3170 nequeunt
429 3116 528 3170 propter
548 3112 626 3174 legem
645 3112 761 3170 Pcdlam,
783 3111 826 3158 ced
846 3123 891 3158 nec
913 3112 957 3157 llla
974 3124 1133 3176 cameraeqac

228 3211 330 3257 camma
349 3209 384 3255 ibi
399 3209 510 3267 reperio,
525 3207 570 3254 em
586 3209 663 3253 totum
674 3207 812 3253 Lucretium
826 3207 994 3266 pervolverim.
1010 3206 1047 3253 An
1058 3207 1132 3270 igitur

229 3304 384 3352 Lucillum
403 3295 525 3349 voluit?»
549 3300 576 3348 ln
588 3297 714 3349 Bedae
734 3302 779 3349 uh.
796 3304 827 3348 dc
843 3303 1056 3359 orthographiam
1068 3299 1132 3350 2779

228 3400 336 3463 lagllur:
352 3392 485 3444 «Camara
500 3397 600 3454 dlcilur,
616 3400 644 3442 ut
656 3396 752 3443 Verrius
770 3397 870 3444 Flaccus
885 3393 1008 3455 affirmat,
1024 3408 1072 3442 nou
1088 3411 1132 3442 ca·

228 3508 299 3542 mera
328 3505 372 3554 per
396 3505 424 3540 c:
448 3490 687 3550 schucrcllus,
705 3494 809 3537 aamerls
829 3494 994 3538 carceralibus
1016 3492 1131 3546 arcendo,

228 3592 301 3638 etlam
316 3602 439 3636 cameram
455 3587 504 3636 am
513 3599 580 3647 passe
590 3585 723 3638 ostendit.»
