2580 4756
131 987 243 1080 oms
275 989 530 1066 suornm
562 995 735 1070 orrars
758 999 970 1072 uranus
995 997 1139 1073 son?

338 1145 457 1232 oum
491 1146 543 1213 ns
577 1146 640 1216 ro
669 1144 940 1220 usurarum?

524 1449 713 1478 &OQ-

189 1745 377 1854 Attigimus
407 1767 479 1851 jam
510 1765 680 1851 aliquoties
699 1765 817 1835 Lucilii
835 1787 927 1850 opus.
972 1762 1073 1850 Quod
1090 1789 1142 1833 ar·

132 1885 283 1971 gumenti
314 1904 416 1971 gama
448 1905 486 1949 eo
513 1887 719 1968 complexus,
751 1885 870 1970 quibus
897 1885 934 1948 in
962 1885 1060 1950 rebus
1082 1889 1143 1951 de·

132 2003 310 2068 scribendis
336 2003 547 2084 potissimum
565 2002 779 2080 versatussit,
803 2023 884 2086 quos
907 2003 992 2068 viros
1014 2003 1142 2086 proba·

133 2120 198 2184 bile
229 2120 270 2184 sit
293 2141 370 2185 eum
397 2118 634 2202 perstrinxisse,
667 2140 749 2204 quos
770 2121 889 2185 eximia
911 2122 1093 2192 laudaverit
1110 2134 1144 2188 et

134 2238 277 2322 exempli
310 2241 382 2305 loeo
405 2237 630 2323 proposueris,
665 2239 790 2320 partim
815 2252 965 2305 veterum
992 2239 1146 2305 testimo·

135 2357 193 2421 niis
216 2357 340 2440 partim
366 2356 581 2442 reliquiarum
604 2354 730 2420 indiciis
753 2355 823 2432 usi,
860 2331 1167 2424 consideravimus.¹

134 2475 305 2541 Praeterea
322 2474 530 2560 singulorum
549 2472 728 2549 librorum,
753 2473 871 2559 quibus
882 2472 1053 2541 satiricum
1064 2495 1145 2560 opus

133 2592 309 2661 constitisse
333 2590 477 2667 dicitur,
502 2592 614 2675 quoad
632 2592 700 2674 ejus
719 2591 791 2655 fieri
812 2591 936 2674 potuit,
957 2604 1146 2659 accuratam

135 2711 373 2796 expositionem
400 2707 573 2773 edidimus.
618 2703 673 2772 Sic
695 2711 822 2774 factum
844 2723 890 2773 est
912 2722 952 2773 ut
973 2711 1047 2793 ejus
1057 2721 1147 2777 cesta

135 2833 298 2916 quaedam
330 2826 421 2893 notio
438 2838 592 2891 mantem.
606 2825 756 2891 uacuam
776 2826 916 2892 subiret
958 2828 989 2892 Α
1010 2829 1148 2895 materie

135 2949 238 3036 igitur
256 2947 471 3013 auhabuum
491 2958 524 3010 et
548 2946 693 3009 formam
716 2945 997 3030 progrediandum
1016 2947 1091 3013 erit.
1130 2964 1135 2973 ‘

181 3066 255 3130 Non
283 3079 406 3130 temere
438 3066 474 3128 in
509 3085 584 3128 eam
616 3063 793 3147 aliquando
822 3062 922 3127 incidi
955 3063 1148 3146 opinionem

137 3199 176 3250 ut
196 3184 374 3249 arbitrarer
382 3165 583 3261 ,Lucilium
610 3181 787 3249 satirarum
805 3202 887 3266 opus
898 3181 1057 3266 bipartito
1066 3184 1150 3250 ‹rivi-

136 3304 233 3380 sisse,
254 3325 293 3366 ao
303 3303 452 3385 priorem
462 3314 593 3385 partem
605 3301 783 3364 Deorum
805 3301 1050 3376 concilium,
1074 3310 1148 3382 pos-

137 3423 294 3487 teriorem
316 3419 518 3507 Collyram
543 3418 742 3501 inscripsisse
754 3419 782 3482 ¹.
811 3415 970 3481 Movebar
990 3421 1149 3501 eo,quod

138 3563 158 3605 a
180 3540 362 3606 rhetoricae
382 3541 423 3604 ad
443 3537 648 3602 Herennium
671 3535 830 3618 scriptore
851 3535 1010 3620 priorem
1022 3535 1148 3601 librum

139 3661 310 3724 laudatum
344 3658 536 3724 inveneram
548 3678 558 3744 3
593 3655 684 3755 cujus
705 3651 909 3766 mentionem
934 3674 1040 3739 quum
1062 3657 1148 3721 frus·

175 3957 186 3991 ¹
226 3942 308 4010 Diu·
333 3941 366 3992 a
394 3940 460 3993 Aer.
485 3941 552 3992 seo.
570 3956 598 4005 p.
617 3938 661 3991 ss.
691 3930 1148 3990 assessus-cassas,s„

141 4037 254 4106 Collyra
272 4036 423 4105 inscriptus
441 4037 523 4092 fuisse
544 4035 656 4088 dicitu„
699 4042 749 4070 -ε,
860 4058 878 4071 ,,
1008 4028 1024 4061 1,
1094 4025 1101 4045 x
