2580 4756
540 355 604 417 205

56 527 98 591 do
117 529 215 608 poeta
234 526 266 588 in
280 524 431 590 animum
443 527 619 606 induxerit,
638 531 777 593 deorum
787 504 1068 615 judiciosubmit·

55 659 224 720 tenerum,
239 644 296 729 qui
309 645 375 727 ipse
384 646 484 728 judex
494 647 695 729 judiciorum
709 647 932 735 integritatem
944 667 977 716 et
984 655 1068 736 juris

52 764 187 847 jurandi
203 763 408 826 sanctitatem
427 763 613 830 violaverat.
661 764 819 830 Ceterum
842 766 878 834 P.
903 769 1067 836 Rutilium

57 883 194 964 Lupum
228 893 357 962 practer
390 883 596 945 consulatum
632 883 714 968 *haec
748 883 898 968 deinceps
928 909 1067 953 munera

56 1001 172 1063 obiisse
203 999 315 1062 statuit
346 997 496 1083 Pighius:
534 1012 744 1083 quaesturam
774 1003 1010 1084 provincialem
1037 1029 1066 1071 a.

57 1122 123 1182 648
151 1113 267 1205 (106),
302 1116 508 1179 tribunatum
539 1117 641 1198 plebis
666 1140 696 1182 a.
721 1121 786 1182 653
813 1120 931 1208 (101),
954 1123 1069 1188 aedili·

57 1250 161 1300 tatem
195 1257 223 1297 a.
249 1235 313 1297 656
341 1230 431 1320 (98),
464 1242 656 1315 praeturam
679 1256 708 1299 a.
734 1237 798 1317 659
825 1234 894 1323 (95)
920 1251 953 1302 et
975 1261 1068 1321 prae·

57 1368 170 1418 turam
188 1350 424 1435 provincialem
441 1372 469 1413 a.
494 1352 559 1415 660
585 1349 655 1438 (94)
671 1350 697 1415 ¹.

101 1587 199 1652 Hunc
220 1588 321 1673 igitur
344 1587 562 1651 facinorosum
585 1601 618 1651 et
639 1591 810 1653 scelestum
834 1591 1003 1655 hominem
1031 1607 1068 1660 ut

58 1709 187 1772 famosis
214 1706 382 1790 cooperuit
407 1705 550 1770 versibus
574 1720 607 1770 et
626 1708 728 1771 secuit
747 1691 905 1783 Lucilius,
931 1709 975 1772 ita
1000 1710 1068 1776 Me-

58 1831 176 1892 tellum
201 1825 323 1890 laesisse
352 1827 473 1898 fertur,
507 1825 590 1887 nihil
615 1825 798 1889 dolentibus
834 1825 983 1908 Scipione
1011 1845 1069 1896 aut

59 1944 204 2008 Laelio2.
229 1942 482 2024 Errarunt,qui
495 1938 1068 2024 Q.MetellumMacedonicum

57 2062 198 2145 intelligi
224 2063 397 2124 voluerunt
410 2057 438 2122 3.
473 2058 551 2120 Fuit
570 2059 659 2120 enim
671 2057 870 2124 Macedonici
888 2061 991 2138 filius,
1007 2075 1070 2128 tes·

57 2196 88 2245 te
125 2191 233 2244 vetere
266 2177 462 2259 interprete,
495 2175 553 2260 qui
576 2177 655 2240 haec
674 2177 779 2242 addit:
812 2177 883 2263 «Q
911 2178 1069 2246 Caecilius

57 2298 208 2361 Metellus
231 2295 402 2359 consularis
438 2293 522 2357 filios
547 2297 727 2360 consulares
756 2297 835 2360 vidit
864 2312 896 2361 et
933 2298 975 2362 ab
1009 2299 1069 2364 illic

59 2420 160 2480 elatus
184 2426 239 2476 est.
286 2412 347 2477 Hic
374 2412 408 2500 (i.
433 2434 462 2477 e.
490 2413 546 2496 qui
570 2411 706 2477 Horatio
739 2429 963 2492 memoratur,
997 2414 1069 2482 Cu·
1167 2424 1170 2428 ’

58 2531 227 2616 prasius)
254 2543 367 2613 potens
397 2531 459 2592 fuit
481 2542 630 2610 tempore
654 2528 813 2611 Scipionis
834 2531 1002 2607 Africani,
1036 2518 1091 2594 et'

57 2674 136 2717 cum
160 2653 193 2713 in
211 2648 365 2714 concione
390 2649 551 2731 quaedam
571 2659 685 2709 contra
704 2667 737 2708 se
760 2647 890 2710 decreta
910 2647 1071 2711 declama·

58 2784 133 2845 ret,
167 2738 278 2851 Scipio
308 2768 369 2831 ait:
408 2765 459 2829 Hi
489 2773 588 2837 sunt,
622 2784 705 2847 quoe
736 2763 913 2827 Annibali
940 2767 1069 2850 eripui.

60 2889 191 2953 Patere
213 2909 311 2974 ergo,
346 2881 473 2966 inquit,
498 2904 560 2943 nce
584 2879 710 2943 liberor
731 2903 809 2944 esse.
856 2879 909 2944 Ob
933 2884 1012 2946 hacc
1038 2896 1071 2946 et

57 3007 119 3070 alia
145 3003 289 3066 Lucilius
306 3002 340 3063 in
364 2998 504 3086 gratiam
525 2996 683 3080 Scipionis
707 3020 785 3062 eum
807 3000 924 3082 carpsit
949 3022 1072 3084 quant·

57 3125 104 3199 ris
130 3121 275 3188 amicum
289 3117 318 3185 4.
332 3138 349 3178 »
375 3117 465 3182 Inter
490 3115 738 3181 Macedonicum
761 3115 932 3183 Metellum
957 3132 989 3182 et
1003 3117 1071 3184 Sci·

278 3301 338 3312 ι...-

96 3397 106 3432 ι
146 3381 222 3432 Ann.
241 3376 286 3428 ΙΙΙ
306 3394 334 3442 p.
355 3375 415 3437 143,
439 3374 499 3444 169,
522 3375 582 3436 186,
602 3392 663 3443 197,
684 3375 746 3426 203.

95 3498 110 3531 2
145 3481 234 3529 Hor.
256 3477 318 3527 Sal.
341 3471 382 3536 ll,
403 3486 428 3533 ῐ,
448 3472 491 3542 67.

93 3575 109 3624 5
144 3577 179 3624 M
187 3591 284 3623 anso
302 3574 331 3620 in
352 3570 474 3622 Nachtr.
489 3589 515 3621 z.
539 3568 614 3618 Sulz.
632 3568 652 3618 l.
671 3568 690 3618 l.
713 3568 754 3617 W
755 3564 814 3615 iel
823 3566 986 3616 ancillor.
1003 3569 1066 3619 Sat.

58 3672 88 3724 ll
110 3689 137 3736 p.
158 3687 200 3737 29.
219 3672 406 3718 Dtlntzer
425 3669 475 3734 Op.
497 3666 518 3716 l.
536 3685 564 3734 p.
582 3661 633 3730 459

91 3769 110 3819 l
148 3771 276 3818 Comm.
298 3767 384 3832 Cruq·
402 3780 429 3828 p.
448 3763 510 3830 409.
530 3760 563 3811 ln
584 3760 778 3813 ch.Hor.
797 3759 1068 3828 Franeq0panlo

56 3867 139 3916 aliler
161 3863 280 3930 legitur:
301 3869 447 3929 -potens
464 3860 533 3929 suit
561 3855 733 3924 temporibus
755 3855 862 3905 suiset
885 3856 1070 3924 Scipionis-

56 3969 87 4016 in
104 3963 243 4013 seditione
263 3959 400 4027 quaedam
419 3956 551 4006 adversus
566 3953 691 4022 resarta
708 3951 866 4012 clamaret,
891 3952 986 4019 Scipio
1008 3954 1071 4003 citt

58 4067 125 4109 sunl
148 4085 173 4098 -
191 4057 301 4125 poliere
318 4086 349 4094 -
368 4053 489 4119 amicum
508 4052 604 4118 ipsios.
