2580 4756
531 355 601 416 stu

51 554 151 596 mum
171 535 194 596 l.
237 532 324 596 Item
356 544 490 608 contra,
512 532 594 596 sicut
617 531 776 596 Lucilius:
809 531 876 596 Ore
898 545 1039 619 correpto
1052 559 1074 611 ς’

51 651 196 734 dempsit
224 650 312 714 enim
342 671 442 714 unam
461 650 589 714 literam
613 671 672 733 per
694 653 946 732 metaplasmum
971 651 1028 715 r¹.
1045 671 1062 710 »

52 768 216 834 Similiter
243 768 402 853 syllabae
433 767 645 833 detractione
664 789 762 833 usum
787 790 851 832 esse
873 771 967 833 docet
988 767 1058 833 Ma-

53 889 149 954 rius
170 886 455 954 Victorinus:
482 887 586 952 «Pari
611 886 789 950 rationein
816 909 908 951 versu
934 902 967 952 et
985 909 1067 970 apo-

55 1029 139 1090 cope
170 1019 344 1089 praecepta
376 1019 447 1082 est,
477 1006 500 1071 i.
518 1027 546 1069 e.
572 1004 751 1068 subtractio
770 1005 913 1091 syllabae
931 1006 1070 1093 syllaba·

55 1146 198 1200 rumve,
218 1122 389 1205 cujuslibet
400 1122 552 1188 orationis
563 1135 671 1187 metro
689 1138 823 1210 cogente
844 1128 943 1201 lacta,
966 1148 1068 1210 quae,

56 1243 126 1308 sive
157 1244 192 1306 in
221 1242 323 1308 verbo
355 1243 420 1307 siue
446 1243 480 1305 in
501 1243 635 1306 nomine
667 1241 841 1318 acciderit,
864 1266 925 1327 pro
944 1245 1071 1331 integra

57 1375 154 1445 parte
180 1361 332 1425 orationis
354 1361 550 1445 accipietur,
579 1374 618 1425 ut
637 1359 739 1425 Eudo
759 1384 859 1426 suom
877 1361 920 1426 do
944 1364 965 1428 i.
988 1386 1016 1429 e.
1040 1365 1073 1428 in

56 1502 154 1545 suam
179 1482 329 1544 domum.
376 1477 554 1544 Similiter:
585 1480 723 1544 Proros.
747 1480 925 1546 detundete
956 1495 988 1546 et
1017 1482 1072 1546 de-

58 1598 212 1686 spoliata
226 1597 384 1686 guberna
407 1599 430 1662 i.
451 1620 480 1665 e.
495 1598 796 1684 gubernacula-2.»

107 1716 196 1782 Haec
228 1730 304 1782 sunt
337 1730 486 1783 veterum
519 1717 719 1801 scriptorum
744 1717 867 1801 judicia
883 1720 923 1782 de
945 1719 1071 1802 poetica

61 1835 180 1903 Lucilii
213 1837 378 1902 facultate.
430 1833 565 1921 simula
595 1835 800 1922 singulorum
833 1837 1004 1920 exquirere
1040 1851 1073 1902 et

60 1954 257 2040 investigare
277 1954 473 2029 maluimus,
506 1974 547 2016 ne
570 1953 680 2016 omnia
704 1954 986 2036 permiscerentur.
1025 1955 1079 2021 Si-v

61 2078 136 2145 mul
156 2073 265 2138 aetatis
286 2073 460 2141 habuimus
475 2073 654 2148 rationem,
667 2085 704 2135 ut
717 2073 797 2157 quid
815 2074 965 2139 admirati
980 2077 1078 2159 quid-

63 2217 103 2260 ve
132 2193 297 2278 persecuti
328 2206 431 2257 essent
456 2191 597 2277 singuli,
619 2191 769 2275 deinceps
796 2213 1083 2279 cognosceremus..

63 2312 192 2398 Quare,
210 2311 259 2376 his
278 2310 444 2395 expositis,
465 2331 581 2394 operae
604 2311 751 2394 pretium
765 2312 829 2376 erit
842 2313 961 2388 videre,
976 2335 1080 2398 quam:

64 2433 135 2500 vim
157 2444 190 2495 et
211 2430 436 2494 auctoritatem
461 2429 611 2493 habuerit
631 2428 746 2493 Lucilii
767 2431 890 2512 poesis,
915 2446 1085 2515 quaestu-·

67 2552 143 2627 dia,
164 2571 266 2634 quam
284 2548 532 2613 admirationem
556 2547 743 2611 excitaverit
766 2551 853 2631 apud
869 2562 1023 2631 posteros.

69 2728 291 2747 -ι-ι--ὑι-ι-

74 2903 79 2919 Ι
106 2856 119 2892 ι
159 2841 202 2890 De
222 2837 334 2892 barber.
356 2846 383 2888 et
404 2836 520 2904 usetapl.
538 2851 566 2900 p.
585 2832 629 2886 ὅσ.

106 2957 123 2991 2
166 2939 225 2990 Art.
254 2940 375 2989 Graium.
398 2934 462 2985 lde
483 2951 573 2986 versu.
602 2935 690 2984 Luc.
708 2934 756 2984 Ft'.
776 2931 913 2994 X-X,'lo.
