2580 4756
627 354 691 420 240

152 534 306 596 innuente
328 532 517 608 Lactantio,
530 535 570 596 ad
581 534 769 599 illustranda
783 537 839 600 illa
849 534 996 603 divitiis
1003 530 1152 627 pretium

146 651 341 737 persolvere
356 650 472 735 peeee'
485 653 524 713 de
551 653 760 738 frugalitate,
784 658 824 718 de
848 657 1041 742 largitione,
1061 664 1099 724 de
1123 685 1153 726 re

151 770 302 833 familiari
334 782 425 833 recto
460 771 531 833 usui
565 772 749 836 adhibenda
770 775 870 838 fusius
888 779 1057 859 explicuit.
1098 779 1152 844 Sed

150 886 259 973 pergit
279 886 488 951 Lactantius:
516 913 533 951 a
548 887 729 951 Commoda
746 902 928 973 praeterea
949 898 1097 978 patriae
1114 931 1153 946 ···

150 1006 285 1071 Sublata
307 1043 352 1051 —
375 1006 484 1087 inquit
505 1042 550 1052 —
573 1006 749 1069 hominum
770 1011 960 1086 concordia,
987 1013 1091 1078 virtus
1105 1015 1152 1076 ni·

148 1124 194 1187 lril
218 1137 264 1187 est
293 1124 438 1186 omuino.
485 1121 577 1206 Quae
602 1137 679 1187 sunt
701 1125 790 1189 enim
820 1127 944 1208 patriae
969 1135 1151 1207 commoda,

148 1243 205 1306 nisi
223 1244 353 1306 alterius
373 1242 509 1306 civitatis
527 1254 583 1304 aut
597 1242 699 1326 gentis
708 1243 943 1309 incommoda?
965 1248 1003 1310 ld
1017 1252 1147 1313 estsines

147 1382 330 1445 propagare
356 1359 425 1422 aliis
449 1359 608 1423 violenter
640 1373 788 1442 ereptos,
812 1383 932 1448 augere
954 1365 1148 1448 imperium,

148 1478 316 1563 vectigalia
329 1481 433 1540 lacere
447 1478 592 1541 meliora.
608 1515 651 1528 -
669 1478 707 1542 ld
720 1480 826 1561 ipsum
839 1483 991 1563 prodesse
1010 1485 1090 1567 quid
1101 1487 1147 1559 sit,

146 1597 316 1683 ignorant,
350 1595 407 1679 qui
440 1594 520 1658 nihil
546 1609 665 1678 putant
685 1595 788 1673 utile,
812 1597 895 1662 nihil
919 1606 1148 1680 commodum,

146 1716 204 1780 nisi
225 1718 315 1800 quod
337 1715 440 1778 teneri
458 1736 559 1778 manu
585 1724 712 1797 potest;
739 1719 828 1798 quod
851 1718 960 1780 solum
973 1722 1077 1784 teneri
1089 1742 1146 1784 non

145 1848 261 1917 potest,
286 1834 362 1917 quia
379 1831 460 1914 eripi
473 1844 590 1915 potest.
614 1829 701 1896 Haeo
713 1830 836 1915 itaque,
851 1847 889 1897 ut
901 1835 960 1917 ipsi
974 1841 1145 1920 appellant,

145 1953 230 2016 bona
255 1952 400 2035 quisquis
425 1950 547 2033 patriae
572 1948 780 2033 acquisierit,
805 1953 959 2030 hocest,
985 1957 1044 2039 qui
1067 1977 1146 2019 erer-

144 2072 183 2133 sis
218 2068 411 2134 ciiitatibus·
432 2069 648 2154 gentibusque
681 2067 793 2131 deletis
826 2070 991 2134 aerarium
1017 2074 1145 2156 pecunia

144 2188 324 2261 referserit,
360 2207 453 2270 agros
486 2185 627 2267 ceperit,
653 2186 736 2249 cives
757 2207 830 2250 suos
854 2190 1081 2271 locupletiores
1103 2196 1145 2254 fe·

143 2305 242 2374 cerit,
266 2304 320 2365 hic
342 2301 491 2366 laudibus
514 2305 618 2365 fertur
642 2303 675 2364 in
699 2307 844 2367 coelum:
875 2305 908 2367 in
931 2308 995 2372 hoc
1020 2324 1144 2392 putatur

141 2443 273 2486 summa
285 2433 317 2484 et
330 2421 475 2504 perfecta
489 2440 553 2482 esse
566 2418 667 2482 uirtus
684 2418 710 2482 1.
723 2441 740 2479 »
767 2419 854 2487 Haec
866 2420 920 2486 ille
933 2430 1143 2490 stomachans.

140 2541 232 2626 Quae
255 2562 313 2604 nos
333 2540 585 2622 perpendentes,
610 2537 704 2601 facile
728 2539 762 2600 iu
780 2560 853 2602 eam
874 2562 932 2604 nos
946 2544 1065 2608 adduci
1081 2567 1146 2608 sen·

140 2659 275 2724 tentiam
300 2657 475 2742 patiemur,
495 2669 532 2718 ut
550 2668 714 2738 putemus,
738 2657 990 2738 explicationem
1004 2684 1075 2726 eam
1086 2685 1144 2726 non

140 2802 157 2842 e
184 2775 348 2842 Lactantii
359 2776 490 2861 ingenio
502 2775 653 2838 exstitisse
667 2821 675 2850 ,
701 2777 752 2838 sed
768 2775 859 2839 illam
871 2779 1012 2843 hausisse
1025 2804 1096 2845 eum
1109 2803 1143 2844 ex

139 2901 207 2982 ipsa
218 2872 380 2971 uberiore,
402 2917 501 2979 quam
518 2899 615 2979 polita
627 2895 825 2972 instituisset,
839 2897 969 2962 virtutis
982 2922 1142 2965 commen·

139 3017 280 3081 datione.
317 3013 410 3097 Quae
433 3013 537 3096 qualis
561 3013 680 3089 suerit,
700 3015 771 3096 jam
794 3016 949 3098 suspicari
973 3019 1120 3101 placebit.

156 3219 160 3223 ⁵
181 3131 338 3213 Scipionis
374 3129 546 3192 Aemiliani
568 3129 722 3194 vitamet
745 3133 854 3194 laudes
876 3155 895 3195 a
915 3135 1032 3199 multis
1057 3157 1141 3201 eom·

136 3253 325 3316 mandatam
360 3247 475 3323 fuisse,
512 3259 661 3310 veterum
698 3248 889 3313 testimoniis
918 3265 1022 3333 patet.
1076 3252 1139 3336 Ipse

132 3371 296 3436 'Laelius
318 3367 360 3452 Q
386 3365 611 3442 Tuberoni,
640 3366 831 3431 Africanum
849 3373 1054 3435 avunculum
1076 3375 1140 3434 lau·

135 3493 275 3566 daturo,
298 3485 519 3550 laudationem
549 3481 687 3564 scripsit.
722 3484 821 3548 Laelii
838 3488 976 3569 'quoque
1001 3489 1137 3552 oratione
1184 3574 1188 3579 Ι

136 3605 177 3689 Q.
202 3606 346 3669 Fabius
370 3603 563 3667 Maximus
587 3601 620 3664 in
643 3602 765 3666 mortui
786 3599 946 3684 Scipionis
964 3606 1137 3670 laudatione

136 3744 210 3787 usus
235 3721 392 3786 dicitur2.
439 3720 474 3786 P.
500 3720 678 3784 Rutilius
702 3719 830 3792 Rufus
857 3721 957 3784 videri
984 3721 1137 3805 potestri·

136 3875 413 3890 ffl-

171 3967 183 4001 1
222 3943 501 4009 Inst.1>iv.vl,6‚
522 3965 566 4016 19·
862 4027 865 4031 .

168 4067 184 4102 2
223 4048 295 4097 Cic.
316 4048 450 4104 deOrat.
472 4043 579 4109 ll‚84‚
600 4044 659 4097 341.
693 4045 825 4099 Sedol.
851 4046 935 4100 Bob.
967 4047 1132 4110 adorat.p.

137 4147 284 4215 M1·10n.7,
305 4161 321 4196 2
341 4161 367 4208 p.
387 4143 439 4194 285
456 4142 548 4196 Orcll.
