2580 4756
513 306 576 370 177

59 499 97 548 tc
116 485 201 546 ratio
213 485 280 565 ipsa
291 486 415 547 refellat
430 483 488 548 ¹.»
511 483 586 566 Quo
605 482 812 569 significabat
819 528 827 557 ,
853 486 920 567 ejus
932 476 1000 545 'non'
1013 470 1078 546 asie

55 605 93 666 in
105 601 212 667 uerbis
223 603 377 678 haerere,
401 590 550 666 interesse
567 622 644 667 vero
665 602 775 666 vierde
787 623 825 666 ac
845 602 966 666 discere
987 573 1076 684 quod

57 721 277 784 frumentario
309 719 403 782 unice
423 720 570 803 expediat
591 721 672 784 scire
700 740 741 784 ne
758 719 947 804 decipiatur.
993 716 1076 781 Puto

57 837 213 920 equidem
237 859 314 901 cum
336 840 397 901 hac
419 837 605 901 narratione
624 859 679 914 ea,
703 859 787 922 quae
810 834 1076 923 orthographiam

55 967 262 1037 spectarent,
284 968 372 1018 arcte
391 954 584 1031 cohaesisse,
606 954 652 1018 ita
675 967 715 1018 ut
736 953 914 1018 narrationi
934 952 993 1036 ipsi
1017 954 1077 1016 ad·

54 1073 276 1156 jungerentur
292 1093 386 1155 ‚quae
404 1072 633 1138 frumentarios
655 1072 737 1136 nihss
758 1072 911 1136 attineret
933 1071 1055 1135 novisse
1071 1136 1080 1165 ‚

56 1192 169 1253 doctos
203 1210 282 1253 vero
311 1203 343 1253 et
376 1190 526 1254 cultiores
558 1192 674 1276 fugere
702 1210 769 1253 non
800 1188 965 1253 deberent.
1024 1182 1079 1251 Sic

58 1305 194 1389 quidem
210 1307 303 1370 facile
324 1308 537 1390 assequimur,
563 1306 753 1371 facetissima
770 1292 849 1371 haec
862 1302 980 1369 Lucilii
995 1304 1078 1368 fuis-

56 1445 114 1500 se,
144 1444 228 1508 quae
251 1424 396 1488 maxime
412 1426 526 1508 jejuna
549 1446 613 1488 esse
642 1424 843 1499 debuissent,
873 1423 899 1487 si
924 1422 1018 1487 unice
1035 1424 1078 1485 ad

58 1541 161 1606 rerba
193 1555 227 1604 et
248 1541 354 1605 literas
386 1541 454 1605 otio
480 1545 642 1606 lectorum
671 1541 788 1606 abusus
815 1554 905 1605 esset.
952 1540 1077 1604 Iudicat

58 1671 173 1722 autern
197 1652 385 1733 Arnobius,
408 1674 607 1744 magnopere
629 1656 785 1748 placuisse
805 1654 992 1740 aequalibus
1015 1654 1078 1719 suis

57 1776 84 1840 F
85 1775 231 1839 ornicem
250 1775 472 1851 Lucilianum,
496 1796 596 1858 quem
620 1775 830 1860 obsignatum
841 1771 1079 1836 memoriai'ha·
1143 1807 1145 1811 ·

57 1894 184 1958 berent.
233 1891 389 1957 Ceterum
417 1894 480 1955 hoc
508 1892 616 1968 libro,
646 1894 734 1975 quod
753 1890 850 1984 tertio
873 1888 1077 1981 instituerat,

34 2095 36 2100 ³
58 2011 322 2077 emendationem
347 1982 558 2092 antiquorum
581 2013 754 2091 podtarum
784 2009 976 2072 Latinorum
1001 2029 1076 2072 con-

39 2112 212 2193 *tinuavit

10 2260 16 2270 ‘
103 2246 199 2310 Libri
216 2243 361 2308 decimi
385 2247 725 2334 quodargumentum
747 2245 982 2323 fuerit,'vitam
995 2244 1077 2308 Per·

58 2366 95 2430 sii
112 2364 240 2446 aperire
260 2362 419 2429 existimo.
443 2363 574 2429 Juvcnis
592 2365 681 2428 enim
695 2365 747 2428 hic
758 2368 842 2429 lecto
861 2385 899 2427 eo
913 2364 998 2426 libro
1016 2346 1075 2425 ve'·
1155 2391 1158 2397 ·

57 2484 231 2545 hementer
254 2492 375 2565 satyras
404 2500 601 2562 componere
634 2480 790 2543 studuisse
823 2480 938 2542 fertur.
986 2476 1074 2563 Qua-

55 2609 194 2681 propter
212 2599 280 2680 ejus
300 2597 376 2660 libri
395 2596 592 2679 principium
611 2591 843 2672 imitatusest,
865 2593 925 2656 sibi
945 2568 1074 2674 primo,

58 2735 138 2778 mox
155 2714 307 2777 omnibus
320 2715 585 2787 detrectatums,
609 2731 689 2775 cum
701 2699 791 2773 tanta
801 2708 983 2772 recentium
996 2712 1075 2790 poe'-

57 2841 170 2898 tarum
195 2844 228 2895 et
254 2842 424 2893 oratorum
456 2829 685 2900 insectatione,
718 2841 756 2890 ut
788 2820 884 2890 etiarn
909 2799 1073 2890 Neronem

57 2947 273 3031 culparerifl.
289 2944 336 3014 Ut
344 2943 570 3010 admirabilem
583 2944 660 3007 hinc
672 2944 880 3031 intelligimus
887 2923 1075 3009 Lucilianae

55 3071 187 3149 poeseos
209 3060 276 3127 vim
295 3063 404 3137 fuisse,
429 3054 495 3145 qua
514 3061 666 3141 exarserit
687 3060 795 3125 subito
807 3064 847 3126 ad
862 3062 1071 3128 scribendum

56 3184 199 3257 Persius,
224 3183 268 3244 ita
293 3184 379 3245 haud
400 3181 513 3244 leviter
533 3179 750 3262 suspicamur,
772 3181 947 3263 peculiares
972 3204 1070 3264 quas-

55 3305 134 3365 dam
168 3300 301 3362 virtutes
330 3312 362 3362 et
384 3297 582 3382 singularem
606 3298 680 3361 libri
700 3299 816 3363 decimi
839 3301 1069 3380 praestantiam

55 3418 164 3481 fuisse.
180 3396 351 3499 Quidvero
362 3416 442 3478 illud
454 3429 543 3489 esset,
553 3436 621 3499 quo
634 3429 791 3499 tanquam
805 3417 929 3478 afflatus
943 3415 1069 3479 silenti-

55 3557 117 3599 um
134 3546 300 3616 rumperet
318 3533 385 3610 ille,
398 3524 486 3596 haud
498 3532 587 3597 latet.
609 3531 739 3616 Quippe
750 3530 823 3596 satis
837 3532 979 3617 indicant
993 3533 1070 3616 pos-
1118 3594 1120 3599 s

56 3672 164 3720 trema
179 3654 287 3729 verba,
306 3674 457 3716 exorsum
477 3675 540 3718 esse
553 3651 717 3715 Lucilium
733 3652 813 3716 asui
837 3651 933 3735 ipsius
951 3675 1069 3736 repro-

308 3800 351 3812 -ss

92 3896 103 3929 ι
145 3880 196 3928 Fr.
217 3877 270 3933 lx,
289 3878 323 3938 4,
343 3877 386 3936 ab,
408 3877 478 3929 Facit
498 3874 552 3928 hnc
570 3876 654 3928 Nonii
673 3876 838 3942 explicatio:
860 3881 1007 3933 Discere
1025 3891 1069 3933 est-

51 3979 184 4043 ignotam
200 3992 256 4023 rem
276 3977 435 4026 meditando
454 3977 576 4044 assequi.
598 4012 605 4029 -,

91 4092 106 4125 2
145 4070 214 4134 Sap.
233 4088 259 4136 p.
279 4071 335 4121 225.

579 4172 617 4232 12
