2580 4756
718 296 738 325 Χ.

545 405 586 467 73

65 584 223 650 celebrati
248 585 288 646 de
306 581 505 668 Carthagine
525 597 557 648 et
573 581 742 648 Corintho.
766 579 840 667 Qua
851 586 982 648 fortuna
995 587 1064 648 fao-

60 717 137 768 tum
151 713 198 778 ut,
211 722 293 785 quae
306 699 414 780 civitas
425 712 519 765 antea
531 700 727 766 continentiis
739 700 996 787 abstinentidque
1007 723 1067 767 ve·
1106 691 1109 696 ¹

56 844 119 887 rae
163 807 361 885 fortitudinis
398 822 530 884 laudem
561 819 755 896 meruisset,
785 822 951 886 contrariis
985 820 1067 886 vitiis

63 952 281 1026 mergeretur.
317 934 447 1022 Quippe
467 937 633 1021 publicam
654 938 947 1024 magnificentiam,
966 960 1069 1025 quam

69 1058 186 1140 prioris
217 1055 372 1140 Scipionis
393 1077 443 1120 res
466 1065 575 1142 gestae
596 1057 791 1134 effecerant,
810 1071 919 1123 secuta
942 1059 1069 1143 privata

66 1175 196 1239 luxuria
218 1174 263 1238 sie
282 1172 924 1260 abalienavitareipublicaeoogitatione
934 1176 1068 1252 animos,

69 1305 110 1356 ut
141 1292 238 1357 fracti
260 1304 293 1355 et
310 1290 466 1355 debilitati
486 1290 520 1354 in
544 1291 633 1373 turpi
652 1292 857 1374 privatorum
874 1295 1068 1358 commodo-

70 1431 152 1475 rum
169 1432 249 1476 cura
277 1423 310 1474 et
339 1409 592 1492 amplificatione
612 1409 801 1476 desiderent.
845 1411 994 1496 Eamque
1015 1433 1072 1478 re

70 1549 152 1594 rum
181 1529 474 1593 commutationem
495 1528 590 1612 pauci
610 1540 682 1593 tum
707 1527 901 1613 praevidisse
922 1530 1074 1596 censendi

70 1657 169 1720 sunt,
199 1667 304 1730 quum
338 1645 394 1710 illa
428 1647 602 1711 constituta
634 1646 830 1730 reipublicae
846 1648 1073 1716 immortalitas

75 1762 253 1839 ridebitur.
300 1763 340 1827 In
370 1763 479 1847 paucis
515 1784 592 1828 vero
627 1764 817 1848 patriaeque
851 1765 1074 1830 amantissimis

74 1882 159 1968 quin
179 1881 282 1965 Scipio
302 1894 335 1947 et
353 1882 480 1947 Laelius
505 1882 648 1958 fuerint,
671 1882 816 1946 dubitari
838 1883 963 1968 nequit.
986 1881 1076 1968 Quos

66 2001 136 2070 nisi
159 2001 216 2084 ipe
240 2023 353 2085 rerum
375 2014 474 2066 status
497 2000 694 2078 advertisset,
718 2021 879 2067 memores
891 2002 1078 2068 reddidisset

75 2117 197 2205 Polybi
206 2119 371 2206 sagacitas.
394 2119 503 2204 Atque
516 2119 612 2203 hujus
625 2119 760 2207 quidem
768 2120 883 2203 judieii
905 2121 1078 2186 auotoritas

77 2237 205 2314 effecit²
223 2250 260 2303 ut
281 2237 389 2322 Scipio
412 2236 549 2303 censurd
572 2236 703 2315 abiens,
727 2238 862 2323 antiquo
883 2240 969 2304 mori
981 2239 1079 2305 obro-

77 2370 195 2445 garet,
219 2379 286 2442 quo
316 2356 372 2422 dia·
400 2358 620 2422 immortales
642 2369 683 2422 ut
701 2359 828 2445 populi
850 2356 1079 2424 Romeni'res

81 2475 235 2548 meliore
267 2476 518 2563 amplioresque
541 2475 721 2563 fecerent,
744 2491 951 2563 rogarentur.
995 2476 1080 2543 Nam

80 2600 224 2661 lustrum
251 2595 390 2658 condens
411 2594 465 2659 ille
489 2594 616 2671 «satis,
647 2593 776 2678 inquit,
800 2593 903 2657 bonae
925 2615 963 2659 ac
984 2615 1083 2681 mag-

69 2735 147 2790 ‚nae
175 2725 251 2785 suit.
295 2711 410 2798 Itaque
446 2733 562 2796 precor
594 2724 633 2775 ut
653 2733 704 2776 eas
722 2719 883 2795 perpetuo
904 2711 1084 2778 incolumes

83 2842 242 2898 servent„
255 2849 273 2892 a
318 2831 434 2895 Deeuit
461 2830 562 2916 igitur
586 2828 680 2893 illum
705 2842 738 2893 et
761 2828 910 2893 Laelium
929 2830 1084 2896 sollicitu·
1132 2857 1134 2862 ·
1182 2821 1195 2839 Χ

71 2954 131 3017 1ιίο
167 2949 228 3018 illa.
261 2971 362 3034 quam
393 2969 510 3035 augere
544 2945 699 3013 Romanis
729 2946 843 3012 debuit
872 2969 958 3014 nova
981 2970 1084 3034 opum

86 3067 231 3143 accessio,
256 3066 443 3134 Attalorum
457 3106 459 3110 »
473 3067 670 3132 haereditate
699 3078 793 3150 parta
816 3088 846 3132 a.
871 3068 939 3132 624
965 3066 1082 3158 (130),

73 3191 124 3271 in
159 3189 436 3270 quacumulanda
454 3185 675 3272 cognoscimus
695 3186 818 3248 malam
840 3186 941 3250 fidem
964 3187 1088 3252 Roma·

89 3302 364 3389 normaeque
387 3302 507 3388 injurid
530 3302 718 3368 historicus:
744 3328 763 3369 «
773 3302 849 3368 Asia
859 3304 1086 3370 Romanorum

91 3427 178 3489 facta
209 3438 270 3500 om
294 3422 410 3506 opibus
437 3422 501 3486 suis
530 3421 608 3488 vitia
638 3441 770 3506 quoque
803 3421 947 3486 Romam
978 3434 1088 3488 tram·

95 3541 186 3606 misit
198 3538 243 3620 ζ’,

137 3658 227 3740 Haeo
244 3661 338 3747 igitur
368 3658 563 3727 extrinsecus
586 3658 714 3724 invecta
736 3661 823 3725 mala
846 3670 1009 3744 quantum
1027 3662 1088 3726 de·

95 3871 357 3889 ω--σ-ψι-

87 4041 89 4043 »
116 4021 139 4063 1·
174 3998 365 4060 raanan.
388 4005 546 4072 IV,1,1o·
570 3987 1088 4077 ca.1>01yt.nn.1.xxx1x‚s.

99 4105 239 4176 (Scriptt.
252 4114 397 4187 pettsnova
409 4104 518 4158 collect.
536 4102 579 4171 11,
598 4103 676 4188 460).
972 4097 986 4126 '⁸

133 4220 150 4256 ι
185 4201 320 4297 suain.
337 4204 412 4257 aaa
430 4201 573 4268 xxxvl,
592 4204 619 4258 t.
698 4207 710 4232 ³

87 4313 94 4349 i
