2580 4756
606 294 647 354 36

136 495 293 561 magnum
324 472 456 557 quidem
478 469 622 556 Pompcji
645 471 866 545 avunculum,
888 469 945 534 sed
967 489 1008 533 ex
1033 470 1137 535 fratris

135 591 220 669 lilia,
249 610 315 654 non
344 608 474 666 sorore,
506 587 598 653 fuisse
632 586 812 664 contendit3
846 587 1028 659 nonenim
1050 570 1141 652 aliter

135 708 190 772 illa
223 706 373 791 explicari
397 728 486 791 posse
507 706 609 775 verba
628 708 695 792 ejus
715 708 755 771 de
773 703 834 773 Cn.
860 704 1153 792 Pompej02-Flsit'

136 826 193 891 ltie
224 827 368 914 genitus
399 837 513 890 neutro
549 824 716 903 Lucilio,
750 829 879 914 stirpis
906 826 1142 913 senatoria01.

135 944 176 1010 In
198 966 299 1029 quam
320 945 512 1010 sententiam
534 946 690 1020 adductus
702 945 779 1010 Ant.
803 943 977 1033 Augustini
994 930 1142 1011 animad-

136 1062 302 1144 versione,
335 1076 476 1128 matrem
511 1061 576 1129 Cn·
595 1063 741 1149 Pompeji
764 1085 804 1128 ex
833 1066 936 1128 fratre
961 1061 1000 1130 C.
1027 1061 1142 1129 Lucilii

135 1186 248 1264 positae
288 1195 400 1248 natam
435 1183 633 1249 autumantis
645 1181 675 1248 9.-
717 1181 846 1249 Vossius
892 1202 974 1247 vero
1007 1181 1142 1251 Corradi

135 1304 283 1386 exemplo
311 1301 505 1376 arbitratus,
536 1322 594 1385 per
626 1300 789 1365 Lucilium
821 1306 953 1386 poetam
979 1299 1140 1367 Luciliam

136 1419 297 1484 lamiliam
342 1421 461 1482 factam
507 1439 571 1482 esse
600 1417 814 1495 senatoriam,
847 1431 1023 1509 propterea
1055 1419 1141 1502 quod

135 1537 278 1615 Lucilia,
302 1534 364 1602 Cn.
379 1535 524 1620 PompeJi
544 1547 660 1612 mater,
683 1534 843 1601 senatoria
861 1535 961 1620 stirpe
973 1534 1144 1624 progenita

134 1657 217 1736 suit,
252 1656 357 1723 addit:
394 1681 411 1722 n
425 1652 511 1719 Haec
546 1674 623 1719 vero
651 1667 807 1739 patruum
836 1653 952 1725 babuit
975 1654 1140 1721 Lucilium

133 1781 281 1859 poetam:
320 1773 431 1841 itidem
464 1771 626 1837 Luciliam
663 1771 805 1847 dictam,
840 1791 989 1836 sororem
1025 1778 1142 1857 poetae

135 1893 270 1972 Lucilii,
311 1906 350 1958 ut
381 1889 524 1957 Lucilius
561 1888 622 1956 Cn.
657 1888 803 1975 Pompeii
838 1887 936 1953 fuerit
964 1892 1143 1955 avunculus

135 2009 311 2097 magnusss.
326 2029 343 2069 ›>
396 2005 548 2093 Quorum
582 2006 760 2072 verborum
789 2029 919 2071 sensum
952 2009 1057 2072 fateor
1088 2030 1142 2073 me

135 2150 202 2193 non
235 2128 424 2214 intelligere.
470 2126 645 2190 Difficultas
679 2139 789 2190 autem
823 2147 906 2210 quae
933 2127 996 2203 sit,
1020 2128 1144 2212 perspi·

134 2264 235 2307 cuum
256 2252 314 2308 est.
343 2240 457 2305 Lucilii
487 2241 575 2306 enim
595 2262 685 2306 soror
707 2242 788 2308 inito
810 2243 1022 2308 matrimonio
1046 2244 1144 2309 Luci·

133 2361 194 2426 liae
224 2381 345 2426 nomen
376 2360 576 2443 deponebat,
600 2361 782 2454 assumebat
803 2362 923 2449 gentile
944 2362 1055 2427 mariti
1079 2385 1142 2429 no·

134 2503 234 2561 rnen3
270 2500 369 2566 quare
403 2478 470 2544 filia
502 2500 542 2543 ex
576 2478 624 2543 his
658 2479 778 2563 nuptiis
801 2494 896 2556 nata,
927 2500 994 2544 non
1016 2492 1145 2564 poterat

138 2601 281 2667 Luciliae
315 2619 436 2666 nomen
459 2598 600 2675 habere,
631 2576 894 2685 quod'Pompeji
916 2600 1013 2663 matri
1049 2600 1143 2673 fuisse

135 2744 174 2786 ex
208 2721 334 2806 Vellejo
366 2732 500 2786 comtat.
551 2718 667 2806 Itaque
697 2740 767 2785 rem
812 2718 965 2783 dirimere
994 2719 1055 2783 sibi
1087 2719 1144 2784 visi

135 2853 211 2905 sunt
232 2839 443 2924 interpretes,
468 2851 663 2924 statuentes,
686 2820 811 2925 veteris
824 2837 1009 2921 interpretis
1034 2859 1145 2903 errore

135 2959 329 3042 Pompejum
354 2979 392 3020 ex
416 2956 531 3021 Lucilii
551 2977 659 3021 sorore
681 2969 868 3021 maternum
885 2979 985 3044 genus
1008 2956 1144 3035 duxisse,

137 3098 243 3163 quum
274 3098 312 3140 ex
348 3078 448 3140 fratre
471 3077 539 3161 ejus
561 3090 651 3139 ortus
674 3075 736 3139 dici
760 3076 940 3154 debuisset,
964 3079 1055 3161 cujus
1078 3077 1145 3163 filia

137 3196 279 3263 Luciliae
314 3216 434 3259 nomen
456 3206 613 3259 tueretur.
666 3193 890 3259 Veruntamen
925 3209 992 3259 tarn
1027 3196 1145 3291 diserta

137 3332 212 3382 sunt
242 3313 424 3399 interpretis
451 3313 569 3390 verba,
600 3327 638 3378 ut
668 3313 692 3378 si
729 3315 881 3398 explicari
905 3316 971 3399 ejus
988 3315 1146 3380 sententia

139 3439 310 3500 commode
334 3434 452 3519 possit,
475 3434 553 3497 fides
576 3432 604 3496 ei
628 3434 775 3519 neganda
798 3454 864 3498 non
887 3433 1044 3501 videatur.
1074 3436 1146 3501 Lu·

139 3552 210 3616 eilia
235 3575 311 3638 gens
345 3574 426 3617 num
449 3553 557 3636 plures
580 3549 716 3615 familias
739 3553 908 3646 complexa
930 3551 988 3628 sit,
1013 3553 1147 3640 ignora·

176 3858 188 3894 t
226 3842 303 3897 Hist.
325 3840 372 3903 ll,
393 3859 435 3911 29.

175 3957 191 3990 α
226 3942 365 3991 Densa
382 3939 421 3988 ad
440 3940 508 3990 Luc.
529 3939 576 3990 Fr.
596 3953 623 4002 p.
641 3952 684 4004 97.

175 4037 191 4088 3
226 4038 268 4086 De
286 4037 380 4087 Pot'tt.
399 4037 465 4086 Lat.
487 4052 511 4101 p.
534 4051 563 4088 ι’)
595 4033 683 4102 (Opp.
703 4029 759 4092 ΙΙΙ,
781 4028 882 4108 ιὸᾆὺ.)
