2580 4756
525 343 589 404 123

49 519 155 604 poetis
173 535 313 585 versatus
336 541 517 603 eorumque
542 519 775 596 admiratione,
801 541 834 583 se
851 520 932 583 duee
951 531 983 581 et
1002 515 1058 581 sti-

49 641 229 714 mulatore,
244 637 407 712 imbutus,
422 636 596 720 aliquando
609 636 678 702 talis
698 639 790 701 fieret
804 650 971 700 accuratae
983 638 1060 699 doc·

47 756 156 820 trinae
186 755 440 842 grammaticus,
473 755 529 839 qui
563 753 707 840 gliscenti
740 755 846 838 pulcri
867 754 1060 838 venustique

48 875 179 940 fastidio
213 875 372 939 resisteret
394 888 426 938 et
456 887 604 938 veterum
625 874 851 938 auctoritatem
874 874 1061 939 vindicaret.

48 993 90 1059 ln
121 1017 189 1079 qua
219 993 376 1058 sententia
409 1013 475 1056 non
498 992 590 1057 video
621 991 751 1076 quidja
782 990 1062 1057 verisimilitudine

49 1113 247 1188 abhorreat,
285 1124 317 1176 et
327 1113 586 1200 grammaticos
610 1113 741 1196 equites
767 1132 820 1175 eos
844 1111 1061 1193 interpretor,

48 1229 109 1316 qui
145 1252 275 1294 causam
301 1230 517 1313 antiquorum
540 1242 652 1294 vatum
676 1229 870 1316 pugnaciter
892 1243 1063 1294 tuerentur

48 1363 83 1415 et
116 1349 347 1413 inveherentur
379 1347 414 1410 in
440 1369 529 1411 secus
552 1348 733 1414 sentientes.
779 1348 947 1413 Praeterea
970 1370 1064 1412 causa

48 1480 110 1543 est,
130 1489 190 1532 cur
210 1479 293 1531 tecte
317 1463 436 1532 Orbilii
459 1465 662 1548 disciplinam
682 1467 865 1553 significet,
891 1489 992 1551 quem
1013 1465 1061 1533 vi-

50 1608 131 1651 rum
163 1598 273 1668 postea
299 1584 470 1648 nominare
498 1592 531 1648 et
552 1585 732 1649 describere
752 1587 842 1650 haud
862 1587 983 1651 veritus
1006 1600 1063 1652 est.

51 1703 186 1770 Etenim
208 1723 274 1787 quo
291 1716 440 1784 tempore
456 1703 588 1767 satiram
600 1702 677 1767 libri
695 1704 795 1786 primi
815 1702 977 1769 decimam
988 1705 1065 1770 scri·

51 1823 173 1899 bebat,
205 1822 255 1887 cui
286 1820 334 1885 illi
369 1822 515 1888 versiculi
549 1825 748 1897 adhaerent,
788 1845 884 1887 senex
918 1821 1063 1887 Orbilius

54 1939 189 2007 vivebat
221 1940 367 2015 Rornae,
402 1961 503 2024 quern
524 1937 655 2004 videtur
675 1940 790 2003 vivum
805 1962 1067 2007 commemorare

52 2082 132 2127 cum
163 2061 317 2124 dedecore
346 2057 482 2121 noluisse
495 2056 522 2124 ¹.
567 2058 658 2121 Fecit
682 2057 891 2141 epistolarum
914 2059 999 2123 libro
1018 2082 1066 2125 se-

54 2182 187 2255 cundo,
208 2178 264 2263 qui
286 2177 369 2241 liber
393 2179 482 2241 haud
502 2176 601 2240 dubie
618 2176 756 2261 scriptus
781 2191 828 2242 est
851 2192 925 2261 post
948 2176 1067 2245 Orbilii

55 2302 245 2373 decessum,
280 2297 336 2380 qni
374 2294 408 2358 in
430 2317 555 2359 annum
577 2297 642 2360 740
666 2293 738 2384 (14)
762 2295 894 2361 circiter
913 2297 1064 2365 incidit2.

56 2415 187 2483 Fefellit
208 2427 319 2479 autem
341 2412 509 2479 Orbilium
533 2413 644 2497 opinio
673 2415 755 2491 ista,
781 2435 882 2498 quam
902 2418 945 2480 de
965 2415 1068 2482 Hora-

58 2535 105 2601 tio
127 2547 331 2618 susceperat3
361 2554 462 2618 quare
480 2533 533 2596 hic
554 2534 649 2597 laude
663 2535 776 2597 efferre
797 2531 955 2598 Catonem
979 2548 1071 2618 pote-

61 2670 136 2732 rat,
169 2679 189 2720 a
220 2675 287 2740 quo
322 2656 395 2738 plus
415 2651 531 2738 judicii
550 2653 584 2716 in
605 2655 810 2717 emendando
834 2653 950 2718 Lucilii
974 2676 1072 2738 opere

62 2776 314 2858 exspectandum
327 2785 416 2849 esset,
430 2793 531 2857 quam
547 2794 565 2835 a
578 2793 611 2835 se
623 2771 799 2854 exspectari
813 2770 976 2854 potuisset,
995 2773 1071 2856 qui,

62 2895 87 2959 si
106 2893 361 2976 obtemperasset
384 2889 532 2976 magistri
557 2889 737 2968 voluntati,
761 2893 868 2955 fatuus
892 2888 1072 2957 admirator

64 3014 130 3098 ejus
151 3015 280 3076 futurus
298 3007 418 3073 fuisset.
439 3006 503 3072 Sed
526 3029 603 3074 eum
620 3021 653 3072 et
672 3008 780 3073 sanior
803 3031 895 3075 mens
918 3023 951 3075 et
969 3012 1075 3077 acrior

66 3129 244 3218 elegantiae
266 3149 374 3192 sensus
402 3140 437 3192 et
471 3127 601 3214 gravius
626 3129 773 3193 studium
801 3129 836 3192 in
860 3131 956 3217 longe
973 3130 1072 3196 aliam

65 3246 260 3315 sententiam
284 3249 477 3310 deduxerat:
503 3267 603 3330 quam
619 3249 812 3330 amplexus,
837 3270 932 3335 aegre
949 3250 1075 3316 ferebat

70 3388 200 3434 caecam
215 3364 331 3429 Lucilii
351 3364 614 3444 admirationem,
633 3388 699 3452 qua
717 3367 801 3432 cives
811 3388 883 3432 suos
894 3368 1075 3435 laborantes

69 3498 274 3574 cognoverat.
328 3544 329 3549 ,

69 3656 328 3678 -ιι-ι-ιι--ι

44 3800 52 3815 ,
104 3759 117 3796 ι
154 3740 234 3819 Nihil
255 3743 325 3792 enim
342 3740 380 3791 -de
398 3738 561 3801 Orbilio,
578 3754 635 3807 quo
647 3735 707 3792 loco
721 3740 778 3807 ejus
790 3739 852 3793 fieri
864 3740 965 3791 mentio
975 3748 1077 3810 potua-

71 3848 134 3905 ταὶ,
157 3840 220 3893 Sat.
238 3839 264 3902 Ι,
285 3839 314 3904 6,
331 3839 446 3909 75—84·

103 3954 122 3994 12
160 3941 261 3990 Suet.
278 3937 330 3989 ta
354 3940 463 3990 Annum
479 3933 575 3986 aetatis
592 3932 685 4002 attigit
698 3931 957 4001 ¹isrereutesimum,
977 3943 1006 3989 et
1017 3944 1076 3988 tra-

74 4033 148 4088 ditur
170 4033 304 4086 Cioerone
322 4032 390 4088 rCos.
406 4029 462 4104 691
482 4033 541 4103 (65)
560 4032 808 4102 quinquagenarius
828 4033 939 4086 Romam
962 4035 1076 4098 venisse,

77 4133 122 4185 abi
143 4147 273 4203 persensa
295 4133 323 4184 iu
345 4148 445 4186 samma
462 4136 622 4200 paupertate
639 4129 764 4199 degebat.
