2580 4756
602 292 669 352 246

134 466 263 535 Horum
288 491 444 532 versuum
470 485 507 532 ut
530 470 734 551 aliquatenus
754 488 888 531 sensum
911 489 1136 554 aequamur,

134 590 274 652 tenenda
300 601 376 650 sunt
397 608 481 670 quae
503 586 617 650 Festus
636 599 770 649 monet:
807 611 826 649 (ι
841 583 985 651 Scurrae
1003 587 1137 652 vocabu·

136 711 208 770 lum
236 706 372 771 Verrius
397 705 597 788 ineptissime
618 719 676 768 aut
696 727 737 769 ex
757 703 887 769 Graeco
910 720 1062 771 tractum
1083 706 1135 783 sit,

136 827 226 908 quod
248 839 295 888 est
318 826 494 908 σκιρτάζειν
520 825 574 910 (al.
599 821 822 907 σκυῤῥάζειν),
846 838 907 887 aut
929 847 951 888 a
966 828 1134 908 sequendo,

138 944 190 1006 cui
210 943 314 1028 magis
339 942 535 1018 assentitur,
571 943 663 1025 quod
683 956 717 1005 et
738 942 896 1006 tenuioris
918 945 1073 1007 fortunae
1089 945 1136 1007 ho·

136 1062 241 1126 mines
268 1076 301 1124 et
319 1060 421 1123 ceteri
442 1059 585 1142 alioqui,
610 1058 669 1141 qui
692 1059 824 1122 honoris
837 1060 948 1144 gratia
968 1081 1136 1146 proseque-

137 1191 253 1240 rentur
278 1176 492 1260 quempiam,
515 1196 584 1237 non
599 1177 1040 1260 antecederesedsequisint
1047 1177 1134 1253 soliti,

139 1296 219 1379 quia
229 1295 379 1360 videlicet
388 1294 475 1357 dicat
488 1293 632 1356 Lucilius
646 1321 652 1353 :
667 1293 842 1358 Cmeliu’
856 1331 914 1358 ——.
927 1293 1019 1360 Cum
1029 1309 1134 1360 secutor

140 1411 244 1476 videri
265 1412 343 1474 velit
364 1410 407 1473 oh
429 1431 547 1473 eorum
566 1412 687 1495 jurgia,
708 1431 777 1474 non
797 1411 842 1483 ob
860 1413 1038 1476 adsoetum
1050 1413 1134 1477 offici·

142 1551 212 1593 um.
226 1551 244 1589 »
275 1526 497 1613 Scaliger,
521 1529 581 1612 qui
597 1549 707 1593 rerem
726 1529 843 1592 Lucilii
862 1544 1039 1613 corruptos
1055 1531 1131 1596 aliter

140 1647 329 1725 contituit,
340 1647 468 1730 putavit
481 1644 669 1728 Scipionem
688 1646 899 1711 intervenisse
911 1648 1007 1712 rixae
1016 1661 1050 1712 et
1058 1649 1132 1712 dicti

142 1769 251 1830 mollis
274 1768 444 1842 cuiusdam
466 1764 620 1827 hominis.
666 1764 769 1828 Recte
793 1764 931 1829 Barth
953 1765 1132 1831 vocabulum

143 1908 270 1950 scurra
289 1885 325 1946 in
344 1883 489 1948 versibus
504 1882 621 1946 Lucilii
641 1882 850 1960 desiderum
887 1887 981 1968 quod
997 1906 1095 1969 quum
1112 1881 1133 1945 ei

143 2009 244 2069 latere
262 2004 428 2067 videretur
452 2002 487 2063 in
507 2021 586 2066 vooe
603 1998 757 2088 ffetao,
784 2001 833 2064 ita
843 2002 1019 2066 restituere
1027 2001 1131 2076 voluit,

144 2136 183 2184 ut
218 2124 398 2206 legeretur:
434 2117 521 2182 Orci
550 2117 714 2193 deliciis,
750 2119 880 2195 culici,
916 2117 1131 2184 scurrae-¹.

146 2235 239 2319 Quae
261 2238 346 2300 ratio
370 2235 522 2317 quamvis
540 2235 733 2316 displicent,
757 2249 873 2299 tamen
897 2239 1068 2303 fatendum
1087 2235 1133 2301 erit

146 2355 202 2417 rix
225 2354 307 2415 illud
324 2351 525 2415 vocabulum
547 2351 584 2414 in
604 2352 641 2417 iis
672 2374 756 2437 quae
777 2367 908 2418 entant
916 2355 1133 2440 corrumpipo

146 2472 253 2537 tuisse.
290 2467 576 2552 simplicissimum
592 2490 658 2534 esse
678 2493 716 2535 ac
738 2469 1020 2538 verisimillimum
1052 2486 1134 2558 puto.

150 2591 269 2655 ultima
288 2587 335 2653 ita
355 2587 502 2670 suppleri
522 2600 694 2670 oportere:

501 2741 548 2767 .-
568 2707 680 2772 multi
701 2718 805 2801 atque
819 2706 1026 2795 frequentes

192 2824 343 2892 Scurrae
359 2860 406 2879 --

88 3034 92 3042 1
150 2945 257 3010 Facile
274 2944 421 3008 excidere
443 2945 506 3006 hoc
525 2954 733 3026 postremum
753 2942 955 3007 vocabulum
973 2947 1097 3030 potuit,
1109 2944 1138 3007 si·

151 3065 286 3149 quidem
309 3062 468 3126 ultimum
491 3082 646 3136 versum,
674 3059 770 3123 litera
791 3083 810 3122 e
831 3061 1004 3141 clausum,
1022 3062 1140 3146 excipiat

151 3203 239 3246 oum.
285 3178 401 3261 Itaque
435 3179 524 3240 haud
546 3178 656 3260 inepte
672 3176 888 3260 putabimus,
921 3179 958 3242 in
976 3182 1026 3247 his
1044 3177 1140 3247 scurris

152 3299 210 3386 qui
231 3303 366 3383 loquens
383 3317 403 3359 a
429 3295 554 3359 Lucilio
573 3295 727 3360 inductus
747 3296 809 3371 sit,
833 3284 1142 3364 fuissePantolabum

152 3418 254 3483 istum
289 3415 346 3501 qui
378 3413 515 3497 proprio
543 3413 677 3477 nomine
709 3411 840 3478 Mallius
873 3415 1050 3485 diceretur.
1093 3413 1144 3481 Nec

154 3553 358 3618 quemquam
392 3532 552 3605 offendet,
585 3531 676 3614 quod
698 3530 746 3594 illi
777 3544 881 3596 semet
900 3532 986 3616 ipsos
1020 3551 1145 3599 seurm

155 3653 342 3734 appellent,
377 3652 478 3715 modo
505 3660 661 3732 reputet,
696 3649 816 3714 lictum
838 3671 858 3712 a
881 3650 1018 3717 satirico
1036 3669 1147 3717 sermo-

155 3787 233 3832 nem
261 3765 323 3829 illis
351 3764 467 3831 tribui.
511 3764 627 3848 Carpit
653 3786 735 3852 ergo
759 3764 918 3832 Verrium
939 3767 1076 3846 Festus,
1097 3767 1148 3830 lel-

119 3964 122 3969 ,
155 3906 191 3956 ro
216 3883 414 3947 arbitratum
439 3905 567 3949 scurras
603 3882 680 3950 istos
695 3886 828 3952 honoris
851 3886 948 3959 causi
972 3883 1148 3972 Scipionem

156 4004 434 4028 Μ...-

195 4068 206 4111 1
245 4049 315 4102 nav.
336 4047 513 4115 xxv11,2.
