<?xml version="1.0" encoding="UTF-8"?>
<!DOCTYPE html PUBLIC "-//W3C//DTD XHTML 1.0 Transitional//EN"
    "http://www.w3.org/TR/xhtml1/DTD/xhtml1-transitional.dtd">
<html xmlns="http://www.w3.org/1999/xhtml" xml:lang="en" lang="en">
 <head>
  <title>
</title>
<meta http-equiv="Content-Type" content="text/html;charset=utf-8" />
  <meta name='ocr-system' content='tesseract 3.04.00' />
  <meta name='ocr-capabilities' content='ocr_page ocr_carea ocr_par ocr_line ocrx_word'/>
</head>
<body>
  <div class='ocr_page' id='page_1' title='image "./studiacriticain00heusgoog_0023.png"; bbox 0 0 2616 4762; ppageno 0'>
   <div class='ocr_carea' id='block_1_1' title="bbox 643 362 683 425">
    <p class='ocr_par' dir='ltr' id='par_1_1' title="bbox 643 362 683 425">
     <span class='ocr_line' id='line_1_1' title="bbox 643 362 683 425; baseline -0.025 0"><span class='ocrx_word' id='word_1_1' title='bbox 643 362 683 425; x_wconf 88' lang='lat'><strong>12</strong></span> 
     </span>
    </p>
   </div>
   <div class='ocr_carea' id='block_1_2' title="bbox 147 537 1201 3707">
    <p class='ocr_par' dir='ltr' id='par_1_2' title="bbox 147 537 1201 3707">
     <span class='ocr_line' id='line_1_2' title="bbox 163 537 1161 626; baseline -0.006 -17"><span class='ocrx_word' id='word_1_2' title='bbox 163 555 196 609; x_wconf 86' lang='lat' dir='ltr'><strong>te</strong></span> <span class='ocrx_word' id='word_1_3' title='bbox 227 554 341 618; x_wconf 88' lang='lat' dir='ltr'><strong>natas,</strong></span> <span class='ocrx_word' id='word_1_4' title='bbox 365 538 474 605; x_wconf 84' lang='lat' dir='ltr'><strong>aetatis</strong></span> <span class='ocrx_word' id='word_1_5' title='bbox 495 559 582 604; x_wconf 92' lang='lat' dir='ltr'><strong>anno</strong></span> <span class='ocrx_word' id='word_1_6' title='bbox 602 551 692 604; x_wconf 88' lang='lat' dir='ltr'><strong>sexto</strong></span> <span class='ocrx_word' id='word_1_7' title='bbox 714 539 839 619; x_wconf 87' lang='lat' dir='ltr'><strong>decimo</strong></span> <span class='ocrx_word' id='word_1_8' title='bbox 861 537 1064 626; x_wconf 74' lang='lat' dir='ltr'><strong>Carthaginis</strong></span> <span class='ocrx_word' id='word_1_9' title='bbox 1083 559 1161 603; x_wconf 90' lang='lat' dir='ltr'><strong>mu·</strong></span> 
     </span>
     <span class='ocr_line' id='line_1_3' title="bbox 164 654 1157 748; baseline -0.006 -20"><span class='ocrx_word' id='word_1_10' title='bbox 164 683 217 728; x_wconf 86' lang='lat' dir='ltr'><strong>ros</strong></span> <span class='ocrx_word' id='word_1_11' title='bbox 239 682 314 728; x_wconf 82' lang='lat' dir='ltr'><strong>rere</strong></span> <span class='ocrx_word' id='word_1_12' title='bbox 326 659 401 726; x_wconf 87' lang='lat' dir='ltr'><strong>anni</strong></span> <span class='ocrx_word' id='word_1_13' title='bbox 414 660 478 724; x_wconf 84' lang='lat'><strong>608</strong></span> <span class='ocrx_word' id='word_1_14' title='bbox 493 654 584 748; x_wconf 83' lang='lat'>(146)</span> <span class='ocrx_word' id='word_1_15' title='bbox 595 658 768 723; x_wconf 83' lang='lat' dir='ltr'><strong>adscendit.</strong></span> <span class='ocrx_word' id='word_1_16' title='bbox 792 656 858 722; x_wconf 91' lang='lat' dir='ltr'><strong>Nec</strong></span> <span class='ocrx_word' id='word_1_17' title='bbox 881 657 1157 744; x_wconf 79' lang='lat' dir='ltr'><strong>facilequisquam</strong></span> 
     </span>
     <span class='ocr_line' id='line_1_4' title="bbox 161 775 1160 867; baseline -0.003 -23"><span class='ocrx_word' id='word_1_18' title='bbox 161 780 316 867; x_wconf 73' lang='lat' dir='ltr'><strong>negabit,</strong></span> <span class='ocrx_word' id='word_1_19' title='bbox 352 799 428 844; x_wconf 89' lang='lat' dir='ltr'><strong>eum</strong></span> <span class='ocrx_word' id='word_1_20' title='bbox 457 777 558 842; x_wconf 83' lang='lat' dir='ltr'><strong>videri</strong></span> <span class='ocrx_word' id='word_1_21' title='bbox 581 798 670 861; x_wconf 85' lang='lat' dir='ltr'><strong>posse</strong></span> <span class='ocrx_word' id='word_1_22' title='bbox 694 796 761 842; x_wconf 93' lang='lat' dir='ltr'><strong>non</strong></span> <span class='ocrx_word' id='word_1_23' title='bbox 783 778 846 842; x_wconf 89' lang='lat' dir='ltr'><strong>hoc</strong></span> <span class='ocrx_word' id='word_1_24' title='bbox 864 775 932 860; x_wconf 90' lang='lat' dir='ltr'><strong>ipso</strong></span> <span class='ocrx_word' id='word_1_25' title='bbox 952 795 1060 853; x_wconf 89' lang='lat' dir='ltr'><strong>anno,</strong></span> <span class='ocrx_word' id='word_1_26' title='bbox 1094 788 1160 862; x_wconf 74' lang='lat' dir='ltr'><strong>quo</strong></span> 
     </span>
     <span class='ocr_line' id='line_1_5' title="bbox 160 894 1158 984; baseline -0.004 -21"><span class='ocrx_word' id='word_1_27' title='bbox 160 899 264 963; x_wconf 88' lang='lat' dir='ltr'><strong>excisa</strong></span> <span class='ocrx_word' id='word_1_28' title='bbox 299 896 462 984; x_wconf 74' lang='lat' dir='ltr'><strong>Carthago</strong></span> <span class='ocrx_word' id='word_1_29' title='bbox 491 909 557 974; x_wconf 85' lang='lat' dir='ltr'><strong>est,</strong></span> <span class='ocrx_word' id='word_1_30' title='bbox 575 897 630 961; x_wconf 88' lang='lat' dir='ltr'><strong>sed</strong></span> <span class='ocrx_word' id='word_1_31' title='bbox 655 897 726 980; x_wconf 87' lang='lat' dir='ltr'><strong>jam</strong></span> <span class='ocrx_word' id='word_1_32' title='bbox 754 907 829 960; x_wconf 89' lang='lat' dir='ltr'><strong>ante</strong></span> <span class='ocrx_word' id='word_1_33' title='bbox 851 894 884 961; x_wconf 89' lang='lat' dir='ltr'><strong>id</strong></span> <span class='ocrx_word' id='word_1_34' title='bbox 904 908 1033 978; x_wconf 79' lang='lat' dir='ltr'><strong>tempus</strong></span> <span class='ocrx_word' id='word_1_35' title='bbox 1059 907 1158 960; x_wconf 86' lang='lat' dir='ltr'><strong>castra</strong></span> 
     </span>
     <span class='ocr_line' id='line_1_6' title="bbox 160 1010 1158 1100; baseline -0.005 -19"><span class='ocrx_word' id='word_1_36' title='bbox 160 1014 315 1100; x_wconf 77' lang='lat' dir='ltr'>Scipionis</span> <span class='ocrx_word' id='word_1_37' title='bbox 335 1027 493 1080; x_wconf 84' lang='lat' dir='ltr'><strong>sectatum</strong></span> <span class='ocrx_word' id='word_1_38' title='bbox 513 1034 591 1079; x_wconf 86' lang='lat' dir='ltr'><strong>esse.</strong></span> <span class='ocrx_word' id='word_1_39' title='bbox 630 1010 917 1098; x_wconf 85' lang='lat' dir='ltr'><strong>Quemadmodum</strong></span> <span class='ocrx_word' id='word_1_40' title='bbox 939 1025 1051 1078; x_wconf 90' lang='lat' dir='ltr'><strong>autem</strong></span> <span class='ocrx_word' id='word_1_41' title='bbox 1072 1012 1158 1077; x_wconf 90' lang='lat' dir='ltr'><strong>idem</strong></span> 
     </span>
     <span class='ocr_line' id='line_1_7' title="bbox 159 1124 1201 1218; baseline -0.004 -19"><span class='ocrx_word' id='word_1_42' title='bbox 159 1133 267 1218; x_wconf 90' lang='lat' dir='ltr'>Scipio</span> <span class='ocrx_word' id='word_1_43' title='bbox 298 1133 497 1200; x_wconf 72' lang='lat' dir='ltr'>Aemilianus</span> <span class='ocrx_word' id='word_1_44' title='bbox 534 1130 704 1198; x_wconf 83' lang='lat' dir='ltr'><strong>Africanus</strong></span> <span class='ocrx_word' id='word_1_45' title='bbox 742 1132 852 1196; x_wconf 90' lang='lat' dir='ltr'><strong>minor</strong></span> <span class='ocrx_word' id='word_1_46' title='bbox 885 1131 937 1199; x_wconf 87' lang='lat' dir='ltr'><strong>Ti.</strong></span> <span class='ocrx_word' id='word_1_47' title='bbox 971 1129 1159 1196; x_wconf 81' lang='lat' dir='ltr'><strong>Gracchum</strong></span> <span class='ocrx_word' id='word_1_48' title='bbox 1199 1124 1201 1163; x_wconf 73' lang='lat'><em>²</em></span> 
     </span>
     <span class='ocr_line' id='line_1_8' title="bbox 157 1248 1158 1335; baseline -0.006 -17"><span class='ocrx_word' id='word_1_49' title='bbox 157 1254 432 1318; x_wconf 87' lang='lat' dir='ltr'><strong>adolescentulum</strong></span> <span class='ocrx_word' id='word_1_50' title='bbox 470 1272 581 1316; x_wconf 90' lang='lat' dir='ltr'><strong>secum</strong></span> <span class='ocrx_word' id='word_1_51' title='bbox 616 1249 753 1328; x_wconf 87' lang='lat' dir='ltr'><strong>habuit,</strong></span> <span class='ocrx_word' id='word_1_52' title='bbox 789 1271 895 1334; x_wconf 93' lang='lat' dir='ltr'><strong>quum</strong></span> <span class='ocrx_word' id='word_1_53' title='bbox 927 1248 1158 1335; x_wconf 80' lang='lat' dir='ltr'><strong>Carthaginem</strong></span> 
     </span>
     <span class='ocr_line' id='line_1_9' title="bbox 157 1366 1159 1454; baseline -0.006 -17"><span class='ocrx_word' id='word_1_54' title='bbox 157 1382 338 1447; x_wconf 78' lang='lat' dir='ltr'><strong>everteret,</strong></span> <span class='ocrx_word' id='word_1_55' title='bbox 359 1370 405 1435; x_wconf 87' lang='lat' dir='ltr'><strong>ita</strong></span> <span class='ocrx_word' id='word_1_56' title='bbox 423 1369 503 1434; x_wconf 90' lang='lat' dir='ltr'>nihil</span> <span class='ocrx_word' id='word_1_57' title='bbox 527 1369 652 1447; x_wconf 84' lang='lat' dir='ltr'><strong>obstat,</strong></span> <span class='ocrx_word' id='word_1_58' title='bbox 676 1367 850 1454; x_wconf 83' lang='lat' dir='ltr'><strong>quominus</strong></span> <span class='ocrx_word' id='word_1_59' title='bbox 868 1380 959 1452; x_wconf 89' lang='lat' dir='ltr'><strong>post,</strong></span> <span class='ocrx_word' id='word_1_60' title='bbox 985 1366 1159 1432; x_wconf 86' lang='lat' dir='ltr'><strong>Numanti·</strong></span> 
     </span>
     <span class='ocr_line' id='line_1_10' title="bbox 157 1485 1159 1572; baseline -0.006 -16"><span class='ocrx_word' id='word_1_61' title='bbox 157 1512 211 1556; x_wconf 91' lang='lat' dir='ltr'><strong>am</strong></span> <span class='ocrx_word' id='word_1_62' title='bbox 244 1489 408 1555; x_wconf 78' lang='lat' dir='ltr'><strong>obsidione</strong></span> <span class='ocrx_word' id='word_1_63' title='bbox 430 1509 597 1572; x_wconf 89' lang='lat' dir='ltr'><strong>premens,</strong></span> <span class='ocrx_word' id='word_1_64' title='bbox 620 1487 659 1551; x_wconf 92' lang='lat' dir='ltr'><strong>in</strong></span> <span class='ocrx_word' id='word_1_65' title='bbox 682 1488 824 1553; x_wconf 86' lang='lat' dir='ltr'><strong>exercitu</strong></span> <span class='ocrx_word' id='word_1_66' title='bbox 839 1487 973 1551; x_wconf 88' lang='lat' dir='ltr'><strong>haberet</strong></span> <span class='ocrx_word' id='word_1_67' title='bbox 994 1485 1031 1553; x_wconf 83' lang='lat' dir='ltr'><strong>C.</strong></span> <span class='ocrx_word' id='word_1_68' title='bbox 1057 1487 1159 1552; x_wconf 88' lang='lat' dir='ltr'><strong>Luci·</strong></span> 
     </span>
     <span class='ocr_line' id='line_1_11' title="bbox 154 1603 1160 1694; baseline -0.002 -21"><span class='ocrx_word' id='word_1_69' title='bbox 154 1608 237 1673; x_wconf 89' lang='lat' dir='ltr'><strong>lium</strong></span> <span class='ocrx_word' id='word_1_70' title='bbox 262 1607 448 1694; x_wconf 84' lang='lat' dir='ltr'><strong>quindecim</strong></span> <span class='ocrx_word' id='word_1_71' title='bbox 472 1627 572 1672; x_wconf 85' lang='lat' dir='ltr'><strong>annos</strong></span> <span class='ocrx_word' id='word_1_72' title='bbox 593 1620 721 1674; x_wconf 86' lang='lat' dir='ltr'><strong>natum.</strong></span> <span class='ocrx_word' id='word_1_73' title='bbox 764 1603 876 1691; x_wconf 85' lang='lat' dir='ltr'><strong>Neque</strong></span> <span class='ocrx_word' id='word_1_74' title='bbox 898 1617 1028 1671; x_wconf 89' lang='lat' dir='ltr'><strong>tantum</strong></span> <span class='ocrx_word' id='word_1_75' title='bbox 1049 1605 1084 1671; x_wconf 93' lang='lat' dir='ltr'><strong>id</strong></span> <span class='ocrx_word' id='word_1_76' title='bbox 1101 1627 1160 1672; x_wconf 82' lang='lat' dir='ltr'><strong>ve·</strong></span> 
     </span>
     <span class='ocr_line' id='line_1_12' title="bbox 154 1723 1158 1808; baseline -0.004 -16"><span class='ocrx_word' id='word_1_77' title='bbox 154 1727 286 1793; x_wconf 86' lang='lat' dir='ltr'><strong>risimile</strong></span> <span class='ocrx_word' id='word_1_78' title='bbox 316 1727 356 1791; x_wconf 88' lang='lat' dir='ltr'><strong>fit</strong></span> <span class='ocrx_word' id='word_1_79' title='bbox 390 1723 528 1791; x_wconf 85' lang='lat' dir='ltr'><strong>Gracchi</strong></span> <span class='ocrx_word' id='word_1_80' title='bbox 563 1726 733 1808; x_wconf 78' lang='lat' dir='ltr'><strong>eremp10,</strong></span> <span class='ocrx_word' id='word_1_81' title='bbox 759 1726 814 1788; x_wconf 91' lang='lat' dir='ltr'><strong>sed</strong></span> <span class='ocrx_word' id='word_1_82' title='bbox 838 1723 1044 1808; x_wconf 88' lang='lat' dir='ltr'><strong>comprobari</strong></span> <span class='ocrx_word' id='word_1_83' title='bbox 1069 1725 1158 1790; x_wconf 90' lang='lat' dir='ltr'><strong>idem</strong></span> 
     </span>
     <span class='ocr_line' id='line_1_13' title="bbox 154 1839 1159 1929; baseline -0.006 -18"><span class='ocrx_word' id='word_1_84' title='bbox 154 1842 301 1928; x_wconf 10' lang='lat' dir='ltr'><strong>Appiani*</strong></span> <span class='ocrx_word' id='word_1_85' title='bbox 326 1843 435 1909; x_wconf 89' lang='lat' dir='ltr'><strong>loco1</strong></span> <span class='ocrx_word' id='word_1_86' title='bbox 464 1842 590 1928; x_wconf 88' lang='lat' dir='ltr'><strong>primus</strong></span> <span class='ocrx_word' id='word_1_87' title='bbox 612 1854 700 1908; x_wconf 86' lang='lat' dir='ltr'><strong>recte</strong></span> <span class='ocrx_word' id='word_1_88' title='bbox 734 1841 864 1905; x_wconf 86' lang='lat' dir='ltr'><strong>monuit</strong></span> <span class='ocrx_word' id='word_1_89' title='bbox 884 1842 1018 1929; x_wconf 76' lang='lat' dir='ltr'><strong>Varges.</strong></span> <span class='ocrx_word' id='word_1_90' title='bbox 1067 1839 1159 1908; x_wconf 89' lang='lat' dir='ltr'><strong>Scri-</strong></span> 
     </span>
     <span class='ocr_line' id='line_1_14' title="bbox 153 1958 1158 2038; baseline -0.001 -12"><span class='ocrx_word' id='word_1_91' title='bbox 153 1961 232 2026; x_wconf 87' lang='lat' dir='ltr'><strong>bens</strong></span> <span class='ocrx_word' id='word_1_92' title='bbox 266 1961 355 2026; x_wconf 91' lang='lat' dir='ltr'><strong>enim</strong></span> <span class='ocrx_word' id='word_1_93' title='bbox 393 1958 634 2026; x_wconf 82' lang='lat' dir='ltr'><strong>Numantinum</strong></span> <span class='ocrx_word' id='word_1_94' title='bbox 664 1959 791 2024; x_wconf 90' lang='lat' dir='ltr'><strong>bellum</strong></span> <span class='ocrx_word' id='word_1_95' title='bbox 826 1959 993 2025; x_wconf 82' lang='lat' dir='ltr'><strong>historicus</strong></span> <span class='ocrx_word' id='word_1_96' title='bbox 1022 1974 1158 2038; x_wconf 87' lang='lat' dir='ltr'><strong>narrat,</strong></span> 
     </span>
     <span class='ocr_line' id='line_1_15' title="bbox 153 2076 1160 2164; baseline 0.001 -21"><span class='ocrx_word' id='word_1_97' title='bbox 153 2079 320 2144; x_wconf 82' lang='lat' dir='ltr'><strong>abduxisse</strong></span> <span class='ocrx_word' id='word_1_98' title='bbox 341 2099 451 2142; x_wconf 88' lang='lat' dir='ltr'><strong>secum</strong></span> <span class='ocrx_word' id='word_1_99' title='bbox 471 2077 579 2142; x_wconf 73' lang='lat' dir='ltr'><strong>Roma</strong></span> <span class='ocrx_word' id='word_1_100' title='bbox 605 2078 640 2140; x_wconf 92' lang='lat' dir='ltr'><strong>in</strong></span> <span class='ocrx_word' id='word_1_101' title='bbox 660 2077 847 2162; x_wconf 78' lang='lat' dir='ltr'><strong>Hispaniam</strong></span> <span class='ocrx_word' id='word_1_102' title='bbox 860 2076 1043 2162; x_wconf 85' lang='lat' dir='ltr'><strong>Scipionem</strong></span> <span class='ocrx_word' id='word_1_103' title='bbox 1060 2079 1160 2164; x_wconf 86' lang='lat' dir='ltr'><strong>quin·</strong></span> 
     </span>
     <span class='ocr_line' id='line_1_16' title="bbox 152 2185 1158 2285; baseline 0.001 -23"><span class='ocrx_word' id='word_1_104' title='bbox 152 2210 265 2285; x_wconf 78' lang='lat' dir='ltr'><strong>gentos</strong></span> <span class='ocrx_word' id='word_1_105' title='bbox 295 2195 431 2272; x_wconf 86' lang='lat' dir='ltr'><strong>amicos,</strong></span> <span class='ocrx_word' id='word_1_106' title='bbox 463 2217 558 2282; x_wconf 86' lang='lat' dir='ltr'><strong>quos,</strong></span> <span class='ocrx_word' id='word_1_107' title='bbox 586 2196 621 2259; x_wconf 91' lang='lat' dir='ltr'><strong>in</strong></span> <span class='ocrx_word' id='word_1_108' title='bbox 643 2196 810 2281; x_wconf 87' lang='lat' dir='ltr'><strong>propriam</strong></span> <span class='ocrx_word' id='word_1_109' title='bbox 833 2185 1009 2263; x_wconf 50' lang='lat' dir='ltr'><strong>cohortem¹</strong></span> <span class='ocrx_word' id='word_1_110' title='bbox 1024 2198 1158 2277; x_wconf 74' lang='lat' dir='ltr'><strong>diahos,</strong></span> 
     </span>
     <span class='ocr_line' id='line_1_17' title="bbox 155 2313 1158 2401; baseline 0.002 -20"><span class='ocrx_word' id='word_1_111' title='bbox 155 2315 255 2400; x_wconf 79' lang='grc' dir='ltr'><em>φίλων</em></span> <span class='ocrx_word' id='word_1_112' title='bbox 265 2313 339 2400; x_wconf 70' lang='grc' dir='ltr'><strong>ἴλην</strong></span> <span class='ocrx_word' id='word_1_113' title='bbox 361 2314 580 2400; x_wconf 82' lang='lat' dir='ltr'><strong>appehaverit3</strong></span> <span class='ocrx_word' id='word_1_114' title='bbox 605 2336 706 2401; x_wconf 90' lang='lat' dir='ltr'><strong>quam</strong></span> <span class='ocrx_word' id='word_1_115' title='bbox 719 2317 877 2381; x_wconf 85' lang='lat' dir='ltr'><strong>delectam</strong></span> <span class='ocrx_word' id='word_1_116' title='bbox 888 2317 1158 2383; x_wconf 81' lang='lat' dir='ltr'><strong>voluntariorum</strong></span> 
     </span>
     <span class='ocr_line' id='line_1_18' title="bbox 151 2432 1160 2519; baseline 0.003 -21"><span class='ocrx_word' id='word_1_117' title='bbox 151 2454 290 2499; x_wconf 91' lang='lat' dir='ltr'><strong>manum</strong></span> <span class='ocrx_word' id='word_1_118' title='bbox 333 2454 411 2498; x_wconf 89' lang='lat' dir='ltr'><strong>cum</strong></span> <span class='ocrx_word' id='word_1_119' title='bbox 444 2432 574 2519; x_wconf 88' lang='lat' dir='ltr'><strong>reliquis</strong></span> <span class='ocrx_word' id='word_1_120' title='bbox 607 2433 793 2499; x_wconf 74' lang='lat' dir='ltr'><strong>cohortibus</strong></span> <span class='ocrx_word' id='word_1_121' title='bbox 824 2435 917 2501; x_wconf 79' lang='lat' dir='ltr'><strong>fratri</strong></span> <span class='ocrx_word' id='word_1_122' title='bbox 947 2434 1160 2501; x_wconf 89' lang='lat' dir='ltr'><strong>committens</strong></span> 
     </span>
     <span class='ocr_line' id='line_1_19' title="bbox 151 2551 1159 2639; baseline 0 -21"><span class='ocrx_word' id='word_1_123' title='bbox 151 2553 218 2639; x_wconf 88' lang='lat' dir='ltr'><strong>ipse</strong></span> <span class='ocrx_word' id='word_1_124' title='bbox 254 2575 331 2618; x_wconf 91' lang='lat' dir='ltr'><strong>cum</strong></span> <span class='ocrx_word' id='word_1_125' title='bbox 361 2551 470 2637; x_wconf 90' lang='lat' dir='ltr'><strong>paucis</strong></span> <span class='ocrx_word' id='word_1_126' title='bbox 492 2573 676 2639; x_wconf 72' lang='lat' dir='ltr'><strong>progressus</strong></span> <span class='ocrx_word' id='word_1_127' title='bbox 699 2565 758 2620; x_wconf 87' lang='lat' dir='ltr'><strong>est.</strong></span> <span class='ocrx_word' id='word_1_128' title='bbox 804 2552 844 2616; x_wconf 89' lang='lat' dir='ltr'><strong>In</strong></span> <span class='ocrx_word' id='word_1_129' title='bbox 866 2553 983 2638; x_wconf 90' lang='lat' dir='ltr'><strong>quihus</strong></span> <span class='ocrx_word' id='word_1_130' title='bbox 1005 2552 1069 2617; x_wconf 91' lang='lat' dir='ltr'><strong>fuit</strong></span> <span class='ocrx_word' id='word_1_131' title='bbox 1091 2552 1159 2619; x_wconf 85' lang='lat' dir='ltr'><strong>Ju-</strong></span> 
     </span>
     <span class='ocr_line' id='line_1_20' title="bbox 150 2670 1159 2760; baseline -0.001 -23"><span class='ocrx_word' id='word_1_132' title='bbox 150 2675 289 2760; x_wconf 69' lang='lat' dir='ltr'><strong>gur&#39;thu,</strong></span> <span class='ocrx_word' id='word_1_133' title='bbox 307 2694 374 2760; x_wconf 80' lang='lat' dir='ltr'><strong>per</strong></span> <span class='ocrx_word' id='word_1_134' title='bbox 392 2694 490 2759; x_wconf 85' lang='lat' dir='ltr'><strong>quem</strong></span> <span class='ocrx_word' id='word_1_135' title='bbox 506 2672 699 2758; x_wconf 81' lang='lat' dir='ltr'><strong>imperator</strong></span> <span class='ocrx_word' id='word_1_136' title='bbox 720 2693 832 2736; x_wconf 80' lang='lat' dir='ltr'><strong>omnes</strong></span> <span class='ocrx_word' id='word_1_137' title='bbox 844 2670 925 2760; x_wconf 81' lang='lat' dir='ltr'><strong>fere</strong></span> <span class='ocrx_word' id='word_1_138' title='bbox 940 2695 995 2736; x_wconf 80' lang='lat' dir='ltr'><strong>res</strong></span> <span class='ocrx_word' id='word_1_139' title='bbox 1010 2694 1159 2759; x_wconf 68' lang='lat' dir='ltr'><strong>asperae</strong></span> 
     </span>
     <span class='ocr_line' id='line_1_21' title="bbox 149 2770 1158 2880; baseline 0 -25"><span class='ocrx_word' id='word_1_140' title='bbox 149 2814 251 2878; x_wconf 80' lang='lat' dir='ltr'><strong>agera</strong></span> <span class='ocrx_word' id='word_1_141' title='bbox 269 2770 408 2878; x_wconf 69' lang='lat' dir='ltr'><strong>campas</strong></span> <span class='ocrx_word' id='word_1_142' title='bbox 430 2792 470 2854; x_wconf 80' lang='lat' dir='ltr'><strong>in</strong></span> <span class='ocrx_word' id='word_1_143' title='bbox 497 2791 623 2855; x_wconf 86' lang='lat' dir='ltr'><strong>amicis</strong></span> <span class='ocrx_word' id='word_1_144' title='bbox 651 2789 790 2867; x_wconf 80' lang='lat' dir='ltr'><strong>habero,</strong></span> <span class='ocrx_word' id='word_1_145' title='bbox 820 2801 853 2854; x_wconf 86' lang='lat' dir='ltr'><strong>et</strong></span> <span class='ocrx_word' id='word_1_146' title='bbox 875 2793 993 2880; x_wconf 81' lang='lat' dir='ltr'><strong>magis</strong></span> <span class='ocrx_word' id='word_1_147' title='bbox 1015 2793 1158 2880; x_wconf 78' lang='lat' dir='ltr'><strong>magie-</strong></span> 
     </span>
     <span class='ocr_line' id='line_1_22' title="bbox 150 2906 1158 2997; baseline 0.002 -24"><span class='ocrx_word' id='word_1_148' title='bbox 150 2932 214 2997; x_wconf 82' lang='lat' dir='ltr'><strong>qua</strong></span> <span class='ocrx_word' id='word_1_149' title='bbox 230 2911 271 2973; x_wconf 82' lang='lat' dir='ltr'><strong>in</strong></span> <span class='ocrx_word' id='word_1_150' title='bbox 288 2907 362 2973; x_wconf 83' lang='lat' dir='ltr'><strong>dias</strong></span> <span class='ocrx_word' id='word_1_151' title='bbox 385 2906 549 2994; x_wconf 75' lang='lat' dir='ltr'><strong>amplecti</strong></span> <span class='ocrx_word' id='word_1_152' title='bbox 571 2910 699 2994; x_wconf 80' lang='lat' dir='ltr'><strong>coepit,</strong></span> <span class='ocrx_word' id='word_1_153' title='bbox 732 2911 788 2973; x_wconf 84' lang='lat' dir='ltr'><strong>ita</strong></span> <span class='ocrx_word' id='word_1_154' title='bbox 807 2919 848 2973; x_wconf 84' lang='lat' dir='ltr'><strong>at</strong></span> <span class='ocrx_word' id='word_1_155' title='bbox 870 2907 962 2989; x_wconf 78' lang='lat' dir='ltr'><strong>idam</strong></span> <span class='ocrx_word' id='word_1_156' title='bbox 981 2909 1052 2974; x_wconf 84' lang='lat' dir='ltr'><strong>sibi</strong></span> <span class='ocrx_word' id='word_1_157' title='bbox 1073 2911 1158 2975; x_wconf 83' lang='lat' dir='ltr'><strong>oir-</strong></span> 
     </span>
     <span class='ocr_line' id='line_1_23' title="bbox 150 3023 1157 3127; baseline 0.003 -36"><span class='ocrx_word' id='word_1_158' title='bbox 150 3039 223 3119; x_wconf 79' lang='lat' dir='ltr'><strong>tatc</strong></span> <span class='ocrx_word' id='word_1_159' title='bbox 252 3049 317 3092; x_wconf 83' lang='lat' dir='ltr'><strong>sua</strong></span> <span class='ocrx_word' id='word_1_160' title='bbox 345 3026 475 3091; x_wconf 79' lang='lat' dir='ltr'><strong>maltos</strong></span> <span class='ocrx_word' id='word_1_161' title='bbox 499 3048 538 3090; x_wconf 71' lang='lat' dir='ltr'><strong>aa</strong></span> <span class='ocrx_word' id='word_1_162' title='bbox 577 3023 747 3091; x_wconf 82' lang='lat' dir='ltr'><strong>Romanis</strong></span> <span class='ocrx_word' id='word_1_163' title='bbox 765 3025 961 3114; x_wconf 81' lang='lat' dir='ltr'><strong>familiari</strong></span> <span class='ocrx_word' id='word_1_164' title='bbox 987 3030 1157 3127; x_wconf 69' lang='lat' dir='ltr'><strong>amicitia</strong></span> 
     </span>
     <span class='ocr_line' id='line_1_24' title="bbox 149 3143 1154 3238; baseline 0 -26"><span class='ocrx_word' id='word_1_165' title='bbox 149 3147 372 3236; x_wconf 79' lang='lat' dir='ltr'><strong>conjungeret</strong></span> <span class='ocrx_word' id='word_1_166' title='bbox 395 3143 422 3212; x_wconf 71' lang='lat'><strong>⁹.</strong></span> <span class='ocrx_word' id='word_1_167' title='bbox 459 3143 568 3209; x_wconf 87' lang='lat' dir='ltr'><strong>Fuisse</strong></span> <span class='ocrx_word' id='word_1_168' title='bbox 599 3144 635 3208; x_wconf 93' lang='lat' dir='ltr'><strong>in</strong></span> <span class='ocrx_word' id='word_1_169' title='bbox 658 3145 770 3211; x_wconf 86' lang='lat' dir='ltr'><strong>iisdem</strong></span> <span class='ocrx_word' id='word_1_170' title='bbox 802 3147 910 3212; x_wconf 87' lang='lat' dir='ltr'><strong>castris</strong></span> <span class='ocrx_word' id='word_1_171' title='bbox 945 3144 984 3212; x_wconf 87' lang='lat' dir='ltr'><strong>C.</strong></span> <span class='ocrx_word' id='word_1_172' title='bbox 1012 3145 1154 3238; x_wconf 67' lang='lat' dir='ltr'><strong>Marius,</strong></span> 
     </span>
     <span class='ocr_line' id='line_1_25' title="bbox 148 3247 1156 3350; baseline 0 -18"><span class='ocrx_word' id='word_1_173' title='bbox 148 3266 187 3334; x_wconf 87' lang='lat' dir='ltr'><strong>C.</strong></span> <span class='ocrx_word' id='word_1_174' title='bbox 210 3264 420 3350; x_wconf 85' lang='lat' dir='ltr'><strong>Sempronius</strong></span> <span class='ocrx_word' id='word_1_175' title='bbox 451 3263 584 3342; x_wconf 82' lang='lat' dir='ltr'><strong>Asellio,</strong></span> <span class='ocrx_word' id='word_1_176' title='bbox 618 3263 653 3330; x_wconf 91' lang='lat' dir='ltr'><strong>P.</strong></span> <span class='ocrx_word' id='word_1_177' title='bbox 688 3265 829 3331; x_wconf 85' lang='lat' dir='ltr'><strong>Rutilius</strong></span> <span class='ocrx_word' id='word_1_178' title='bbox 862 3267 968 3331; x_wconf 80' lang='lat' dir='ltr'><strong>Ruius</strong></span> <span class='ocrx_word' id='word_1_179' title='bbox 1001 3247 1156 3332; x_wconf 77' lang='lat' dir='ltr'><strong>trihnirus</strong></span> 
     </span>
     <span class='ocr_line' id='line_1_26' title="bbox 148 3364 1156 3469; baseline 0 -18"><span class='ocrx_word' id='word_1_180' title='bbox 148 3386 294 3451; x_wconf 86' lang='lat' dir='ltr'><strong>militum</strong></span> <span class='ocrx_word' id='word_1_181' title='bbox 329 3383 504 3460; x_wconf 84' lang='lat' dir='ltr'><strong>dicuntur,</strong></span> <span class='ocrx_word' id='word_1_182' title='bbox 550 3404 693 3469; x_wconf 90' lang='lat' dir='ltr'><strong>quorum</strong></span> <span class='ocrx_word' id='word_1_183' title='bbox 729 3397 909 3468; x_wconf 82' lang='lat' dir='ltr'><strong>postremus</strong></span> <span class='ocrx_word' id='word_1_184' title='bbox 935 3364 1042 3450; x_wconf 25' lang='lat' dir='ltr'><strong>‘carus</strong></span> <span class='ocrx_word' id='word_1_185' title='bbox 1089 3384 1156 3451; x_wconf 85' lang='lat' dir='ltr'><strong>fuit</strong></span> 
     </span>
     <span class='ocr_line' id='line_1_27' title="bbox 148 3482 1155 3591; baseline 0.002 -21"><span class='ocrx_word' id='word_1_186' title='bbox 148 3526 250 3591; x_wconf 90' lang='lat' dir='ltr'><strong>quam</strong></span> <span class='ocrx_word' id='word_1_187' title='bbox 273 3503 416 3570; x_wconf 85' lang='lat' dir='ltr'><strong>maxime</strong></span> <span class='ocrx_word' id='word_1_188' title='bbox 439 3482 602 3586; x_wconf 88' lang='lat' dir='ltr'><strong>Scipioni,</strong></span> <span class='ocrx_word' id='word_1_189' title='bbox 625 3517 657 3569; x_wconf 88' lang='lat' dir='ltr'><strong>et</strong></span> <span class='ocrx_word' id='word_1_190' title='bbox 680 3525 757 3568; x_wconf 91' lang='lat' dir='ltr'><strong>cum</strong></span> <span class='ocrx_word' id='word_1_191' title='bbox 780 3501 939 3570; x_wconf 85' lang='lat' dir='ltr'><strong>Asellione</strong></span> <span class='ocrx_word' id='word_1_192' title='bbox 951 3516 1059 3570; x_wconf 85' lang='lat' dir='ltr'><strong>totum</strong></span> <span class='ocrx_word' id='word_1_193' title='bbox 1070 3504 1155 3577; x_wconf 90' lang='lat' dir='ltr'><strong>illud</strong></span> 
     </span>
     <span class='ocr_line' id='line_1_28' title="bbox 147 3622 788 3707; baseline 0 -19"><span class='ocrx_word' id='word_1_194' title='bbox 147 3622 387 3690; x_wconf 85' lang='lat' dir='ltr'><strong>Numantinum</strong></span> <span class='ocrx_word' id='word_1_195' title='bbox 407 3623 532 3688; x_wconf 90' lang='lat' dir='ltr'><strong>bellum</strong></span> <span class='ocrx_word' id='word_1_196' title='bbox 552 3622 739 3707; x_wconf 86' lang='lat' dir='ltr'><strong>conscripsit</strong></span> <span class='ocrx_word' id='word_1_197' title='bbox 760 3622 788 3688; x_wconf 83' lang='lat'><strong>3.</strong></span> 
     </span>
    </p>
   </div>
   <div class='ocr_carea' id='block_1_3' title="bbox 180 3875 877 4046">
    <p class='ocr_par' dir='ltr' id='par_1_3' title="bbox 180 3875 877 4046">
     <span class='ocr_line' id='line_1_29' title="bbox 180 3875 369 3955; baseline 0 -25"><span class='ocrx_word' id='word_1_198' title='bbox 180 3894 193 3930; x_wconf 84' lang='grc' dir='ltr'><strong>ι</strong></span> <span class='ocrx_word' id='word_1_199' title='bbox 229 3875 369 3955; x_wconf 57' lang='lat' dir='ltr'><strong>Ibora&amp;-</strong></span> 
     </span>
     <span class='ocr_line' id='line_1_30' title="bbox 180 3972 877 4046; baseline 0 -16"><span class='ocrx_word' id='word_1_200' title='bbox 180 3993 198 4030; x_wconf 68' lang='grc' dir='ltr'>ι</span> <span class='ocrx_word' id='word_1_201' title='bbox 234 3972 513 4046; x_wconf 77' lang='lat' dir='ltr'><strong>8a11.13.Jug.7.</strong></span> <span class='ocrx_word' id='word_1_202' title='bbox 554 3976 648 4031; x_wconf 79' lang='lat' dir='ltr'><strong>Vell.</strong></span> <span class='ocrx_word' id='word_1_203' title='bbox 668 3979 753 4035; x_wconf 79' lang='lat' dir='ltr'><strong>Par.</strong></span> <span class='ocrx_word' id='word_1_204' title='bbox 773 3975 814 4040; x_wconf 85' lang='lat' dir='ltr'><strong>li,</strong></span> <span class='ocrx_word' id='word_1_205' title='bbox 836 3995 877 4031; x_wconf 84' lang='grc' dir='ltr'><strong>ιι.</strong></span> 
     </span>
    </p>
   </div>
   <div class='ocr_carea' id='block_1_4' title="bbox 144 4067 1158 4233">
    <p class='ocr_par' dir='ltr' id='par_1_4' title="bbox 144 4067 1158 4233">
     <span class='ocr_line' id='line_1_31' title="bbox 180 4067 1158 4144; baseline 0.008 -23"><span class='ocrx_word' id='word_1_206' title='bbox 180 4067 198 4121; x_wconf 80' lang='lat'><strong>5</strong></span> <span class='ocrx_word' id='word_1_207' title='bbox 235 4070 447 4141; x_wconf 78' lang='lat' dir='ltr'><strong>Ciadech.</strong></span> <span class='ocrx_word' id='word_1_208' title='bbox 466 4070 492 4136; x_wconf 87' lang='lat' dir='ltr'><strong>l,</strong></span> <span class='ocrx_word' id='word_1_209' title='bbox 512 4088 540 4141; x_wconf 83' lang='lat'><strong>9,</strong></span> <span class='ocrx_word' id='word_1_210' title='bbox 561 4088 604 4127; x_wconf 74' lang='grc' dir='ltr'><strong>ιι.</strong></span> <span class='ocrx_word' id='word_1_211' title='bbox 645 4072 1158 4144; x_wconf 63' lang='lat' dir='ltr'><strong>V2113Pa1.11,9.App.¹.1·</strong></span> 
     </span>
     <span class='ocr_line' id='line_1_32' title="bbox 144 4164 1030 4233; baseline 0.009 -13"><span class='ocrx_word' id='word_1_212' title='bbox 144 4164 507 4233; x_wconf 45' lang='lat' dir='ltr'><strong>mentiosum&amp;</strong></span> <span class='ocrx_word' id='word_1_213' title='bbox 895 4179 898 4185; x_wconf 84' lang='lat'>&#39;</span> <span class='ocrx_word' id='word_1_214' title='bbox 1027 4180 1030 4184; x_wconf 84' lang='grc'><em>“</em></span> 
     </span>
    </p>
   </div>
   <div class='ocr_carea' id='block_1_5' title="bbox 16 4322 158 4424">
    <p class='ocr_par' dir='ltr' id='par_1_5' title="bbox 16 4322 158 4424">
     <span class='ocr_line' id='line_1_33' title="bbox 16 4322 158 4424; baseline 0 0"><span class='ocrx_word' id='word_1_215' title='bbox 16 4322 158 4424; x_wconf 58' lang='grc' dir='ltr'>ἢ</span> 
     </span>
    </p>
   </div>
   <div class='ocr_carea' id='block_1_6' title="bbox 0 0 1312 4762">
    <p class='ocr_par' dir='ltr' id='par_1_6' title="bbox 0 0 1312 4762">
     <span class='ocr_line' id='line_1_34' title="bbox 0 0 1312 4762; baseline 0 4"><span class='ocrx_word' id='word_1_216' title='bbox 0 0 1312 4762; x_wconf 95' lang='lat' dir='ltr'><strong> </strong></span> 
     </span>
    </p>
   </div>
  </div>
 </body>
</html>
