2580 4756
688 400 729 462 38

208 580 279 645 tino
311 577 396 647 bello
425 577 571 664 equitem
601 575 751 641 militasse
780 576 906 660 scripsit
919 575 945 643 ¹.
991 576 1094 666 Cujus
1118 600 1215 647 soua-

207 697 278 762 buli
301 695 379 763 falsa
395 693 660 779 interpretatione
677 695 784 761 Dousa
802 694 928 782 generis
946 692 1153 765 nobilitatem
1168 699 1217 765 rel

209 803 250 881 e‘x
275 817 345 880 solo
378 815 442 879 hoc
473 815 545 878 loco
567 814 700 898 planam
720 832 785 878 asse
808 813 1069 897 pronuntiarat
1115 812 1219 881 Erro-

209 954 282 998 rem
301 930 429 1019 Baylius
443 930 644 1008 smtulit,de
665 932 804 1016 equestri
827 930 966 1010 militia,
989 938 1054 998 nou
1066 935 1219 1020 equitum

212 1051 324 1131 ordine
354 1051 582 1135 explicandum
618 1071 683 1116 esse
715 1063 814 1115 ratus.
859 1049 968 1117 Potius
999 1052 1074 1117 inde
1105 1052 1219 1119 efficias

212 1168 374 1259 equitibus
406 1169 607 1253 adscriptum
631 1169 745 1245 fnisse,
778 1170 867 1253 quod
888 1169 1080 1254 publicanus
1104 1172 1220 1252 iuit33

200 1289 349 1374 'publicio
360 1302 471 1354 autem
488 1285 697 1374 vectigalibus
717 1287 774 1352 soli
797 1286 919 1373 equites
936 1289 1220 1373 praeficiebantur.

257 1405 388 1473 Suessae
417 1405 517 1493 igitur
548 1404 781 1472 Auruncorum
810 1405 945 1471 honesto
970 1427 1088 1494 genere
1108 1422 1222 1488 natus,

212 1525 314 1592 videri
345 1537 466 1610 potest,
491 1537 530 1589 ut
552 1522 655 1612 Vargi
677 1523 817 1608 placuit,
840 1524 939 1590 naudi
967 1527 1039 1590 loco
1060 1527 1223 1621 puerilg'n

213 1656 353 1711 aetatem
385 1659 487 1730 usqua
516 1643 557 1708 ad
586 1641 721 1707 tertium
751 1641 917 1708 decimum
955 1643 1067 1710 aetatis
1096 1664 1223 1711 anuum

214 1764 425 1851 transegisse,
467 1781 534 1848 quo
575 1773 724 1844 tempore
752 1759 896 1826 Romam
925 1763 1050 1827 delatus
1081 1760 1225 1849 Scipioni

219 1882 383 1960 innotuit,
418 1881 474 1967 qui
511 1901 587 1947 eum
619 1899 730 1945 secum
755 1878 790 1943 in
816 1877 1005 1963 Hispaniam
1024 1881 1129 1948 duxit.
1175 1880 1226 1949 lbi

215 2000 364 2067 tirocinia
396 2000 558 2086 positurus
589 2000 768 2064 admodum
806 1999 1005 2077 adolescens,
1034 2001 1129 2066 valde
1151 2022 1224 2067 ma·

218 2124 293 2184 tura
326 2130 429 2184 aetate
464 2117 541 2182 belli
575 2118 759 2201 spectaculo
792 2118 1001 2184 assuefactus
1016 2132 1073 2185 est.
1128 2117 1227 2206 Quod

219 2260 298 2306 cum
329 2237 485 2326 singulari
519 2258 540 2303 a
562 2235 769 2303 Numantinis
789 2237 894 2326 magis
912 2256 1015 2325 mam
1031 2262 1051 2304 a
1070 2238 1229 2305 Romanis

218 2357 410 2424 fortitudine
435 2357 543 2424 adhuc
574 2367 702 2444 gestum
730 2369 819 2434 esset,
841 2357 888 2422 ita
907 2376 1062 2443 supremo
1079 2370 1230 2445 tempora

219 2480 344 2564 majore
376 2474 532 2563 utrinque
565 2474 730 2542 alacritate
756 2487 789 2540 et
818 2475 995 2560 pertinacia
1031 2476 1228 2564 agitabatur.

219 2597 340 2664 Eluxit
355 2609 466 2663 autem
491 2594 664 2681 praecipue
686 2591 843 2679 Scipionis
855 2591 1231 2684 trucemtrucem

191 2716 297 2783 'belli
328 2717 457 2782 fulmen
488 2730 598 2782 recem
617 2715 741 2780 deletae
753 2705 963 2801 'Carthaginis
986 2715 1149 2781 memoria
1168 2734 1233 2782 au·

220 2835 342 2922 gnatius
358 2833 433 2910 suis,
450 2833 597 2899 hostibus
614 2832 789 2899 terribilius
805 2831 971 2898 reddebat.
1016 2830 1231 2921 Quamquam

224 2953 367 3018 eundem
398 2949 603 3036 Scipionem,
627 2951 839 3017 fortissimum
856 2951 1143 3018 acsererissimum
1165 2953 1234 3018 im-

221 3083 434 3157 peratorem,
470 3044 629 3156 exquisita
658 3071 819 3155 quaedam
844 3068 1029 3136 humanitas
1042 3071 1233 3155 juventuti,

226 3210 328 3277 quam
345 3208 462 3263 ¹secum
481 3187 517 3253 iu
536 3187 646 3254 castris
663 3187 821 3264 habebat,
845 3189 1106 3257 commendabat.
1128 3189 1234 3257 Eam·

222 3330 288 3396 que
311 3309 499 3375 naturalem
524 3304 643 3392 ingenii
666 3305 865 3384 bonitatem,
888 3327 990 3392 qnam
1011 3307 1047 3372 in
1067 3328 1108 3373 eo
1130 3308 1235 3375 admi·

221 3427 285 3494 rati
307 3439 385 3494 sunt
419 3423 476 3511 qui
501 3441 580 3489 eum
597 3436 840 3511 cognoverunt,
871 3424 1012 3490 excoluit
1032 3438 1067 3490 et
1088 3425 1234 3494 innona-

223 3548 271 3613 rit
304 3545 468 3613 bonarum
495 3542 618 3610 artim
650 3563 755 3610 amor.
800 3540 931 3630 Quippe
954 3564 1032 3611 eum
1054 3546 1231 3632 accipimus

225 3681 296 3734 tam
327 3670 509 3753 elegantem
536 3663 722 3730 liberalium
751 3662 935 3733 studiorum
963 3665 1133 3754 omnisque
1155 3669 1237 3734 doc·

262 3975 275 4012 ι
311 3950 573 4021 Hiar.11,9,4.

259 4075 276 4110 2
310 4055 359 4109 Ad
375 4053 444 4106 Duc·
462 4051 512 4104 lu.
528 4064 559 4117 p·
575 4063 619 4117 97.

155 4207 158 4213 .
260 4155 278 4209 3
311 4141 692 4211 uuct1.1o.xxv1,6.
