2580 4756
605 329 668 392 188

108 507 110 512 ’
133 525 228 589 quae,
250 528 293 571 an
310 505 412 569 nactia
431 517 533 571 essent
551 507 737 587 profutura,
758 507 872 567 lateret
890 502 992 586 ipsos,
1015 505 1079 569 rive
1102 503 1138 567 li·

134 644 206 688 cere
228 623 289 687 ribi
318 623 577 696 arbitrarentur,
598 635 637 685 ut
661 621 826 697 abctersie,
849 641 929 704 quae
954 623 1061 702 pudor
1083 641 1140 684 ex·

37 771 40 775 ⁴
135 740 272 816 citauaet,
295 741 452 815 lacrimis,
467 742 541 804 deoc
561 743 656 803 tbure
669 741 791 822 precati
810 753 843 804 et
863 740 1035 804 consilium
1056 742 1139 823 quod

136 859 296 944 agitarent
324 859 415 933 fasci,
439 859 576 940 impune
608 856 840 938 luparentur1.
887 857 998 942 Atque
1031 858 1066 920 iu
1088 857 1141 921 illo

136 975 270 1059 quidem
296 995 380 1038 vano
405 987 559 1038 votorum
580 994 698 1059 genere
722 975 915 1060 exagitando
934 988 972 1039 ut
994 974 1063 1057 ipae
1082 972 1140 1038 So·

136 1106 259 1156 cratem
293 1104 421 1155 secutus
452 1104 517 1165 est,
551 1094 664 1155 eadem
699 1113 812 1156 carcre
840 1091 1015 1176 jubentem
1029 1092 1068 1168 2,
1101 1093 1141 1155 ita

135 1212 285 1293 exemplo
314 1208 443 1273 videtur
471 1210 566 1274 fuisse
596 1209 705 1273 Persio
737 1222 770 1273 et
801 1209 965 1285 Juvenali,
999 1231 1140 1293 quorum

134 1329 187 1391 ille
207 1330 269 1391 hoc
289 1341 520 1412 argumentum
543 1327 639 1390 satira
660 1329 820 1400 secunda,
843 1327 897 1389 bic
911 1326 1039 1390 decima
1059 1339 1142 1391 trac-

135 1449 226 1509 tavit.
251 1444 377 1507 Eorum
390 1464 520 1526 quoque
535 1489 543 1518 ‚
557 1444 614 1527 qui
626 1443 798 1509 simulacra
811 1444 949 1507 deorum
970 1445 1046 1506 deos
1062 1443 1142 1526 ipsae

135 1584 200 1628 esee
216 1561 400 1645 putabant,
423 1561 596 1627 stultitiam
617 1561 782 1638 derident,
804 1560 982 1626 infantibus
994 1539 1142 1626 erucam·

136 1681 280 1764 pararit,
316 1681 373 1766 qui
405 1680 561 1766 imagines
594 1693 701 1743 mutua
722 1692 754 1742 et
774 1677 967 1743 inanimatus
987 1678 1098 1743 rivere
1114 1692 1142 1743 et

135 1819 200 1862 ecre
231 1797 378 1861 homines
411 1796 472 1860 cibi
504 1817 693 1878 persuasum
714 1795 913 1859 haberentss.
958 1794 1070 1880 Quam
1088 1817 1141 1860 au·

137 1914 361 1997 perstitionern
373 1914 464 1993 Plato
475 1935 572 1996 opere
584 1915 624 1977 de
639 1913 764 1999 legibus
779 1911 929 1977 similiter
948 1913 1144 1999 impugnare

134 2035 314 2097 studuerat.

183 2149 223 2211 lu
245 2151 473 2212 nullo-autem
505 2149 583 2213 vitio
615 2150 863 2236 perstringendo
883 2161 952 2213 tarn
974 2152 1143 2214 vehemens

140 2265 269 2330 videtur
298 2265 392 2329 fuisse
416 2279 447 2328 et
472 2265 631 2342 acerbus,
666 2289 768 2350 quam
793 2268 828 2330 in
851 2260 1057 2333 avaritiae.
1101 2267 1143 2332 Ea

138 2393 251 2447 autem
270 2395 307 2446 ut
321 2368 436 2446 Lucilii
457 2395 561 2447 aetate
578 2385 713 2469 graecari
722 2385 847 2450 Rornae
858 2381 966 2468 caepit
977 2384 1013 2463 4,
1034 2376 1080 2450 ita
1097 2385 1144 2450 ri·

137 2498 236 2586 gebat
270 2500 304 2564 in
334 2501 517 2583 provinciis.
540 2499 667 2585 Quibus
686 2524 800 2566 earum
822 2503 1060 2568 administratio
1079 2525 1142 2568 cre

137 2617 299 2693 debatur,
320 2617 556 2683 lucrifaciendi
577 2639 633 2700 ape
646 2619 958 2700 proficiscebantur,
981 2640 1037 2696 ac,
1050 2640 1144 2683 nurn-

137 2735 200 2800 mia
224 2736 399 2819 ponposia
416 2735 538 2801 virtute
560 2757 598 2800 ac
615 2736 700 2812 fide,
724 2737 781 2819 qui
805 2758 899 2820 saepe
912 2753 1080 2818 pauperes¹
1095 2736 1144 2800 di·

139 2852 241 2917 vitem
275 2850 480 2934 provinciam
512 2852 684 2929 obierant,
711 2874 857 2936 paupere
877 2841 993 2919 diriter
1011 2856 1145 2919 decede·

135 2969 230 3067 bant.
263 2968 454 3033 Praesertim
476 2973 555 3036 baec
569 2971 651 3034 ratic
678 2970 858 3054 publicanis
876 2972 1048 3054 placebat,
1067 2992 1143 3056 quu-

139 3098 230 3151 rum²
246 3097 317 3150 erat
350 3087 521 3150 exhaurire
549 3089 800 3170 provincialium
823 3080 992 3166 fortunae,
1030 3089 1144 3174 quibm

133 3203 289 3285 primum
326 3224 402 3267 rem-
424 3225 539 3280 auam,
565 3205 687 3270 deinde‘
696 3181 859 3271 aerarium
879 3196 1078 3290 reipublicae
1097 3210 1145 3271 lc-

140 3311 354 3404 uuplctarent.
392 3320 505 3406 Quum
535 3323 601 3406 ipre
625 3304 821 3407 publicanus
844 3338 946 3400 earet,
971 3339 1056 3391 artea
1074 3326 1144 3390 istut

147 3670 151 3677 .
176 3645 187 3680 ι
227 3631 338 3705 Eragm.
360 3629 397 3691 V,
419 3632 446 3697 8.
475 3633 528 3687 eff.
553 3636 581 3686 V
585 3636 654 3705 irgr
678 3637 752 3688 Intr.
771 3635 815 3687 cd.
838 3638 918 3688 Maio
939 3653 973 3704 p.
989 3636 1034 3694 58.
1067 3634 1144 3705 Quo-

140 3725 221 3775 modo
238 3725 303 3776 haec
324 3725 412 3778 Maius
433 3727 584 3782 Lacinio
603 3730 709 3787 cuidam
728 3731 878 3801 tribuerit,
899 3748 953 3785 uon
971 3731 1063 3786 video.

175 3839 192 3887 ².
227 3824 384 3893 Xenoplt.
400 3827 485 3883 Mem.
506 3827 629 3896 l.t,9.

175 3918 191 3965 3
227 3920 325 3974 Lact.
346 3922 422 3974 Inar.
442 3924 506 3976 Div.
527 3924 553 3984 l,
574 3942 618 3984 υ,
641 3926 680 3976 ιδ.
712 3926 1051 3993 Epit.ud1²errtad.ar,
1070 3927 1098 3976 ὅ.

174 4017 188 4066 t
227 4015 295 4080 Sup.
314 4033 340 4080 p.
359 4019 401 4082 74.
