2580 4756
543 309 581 369 17

68 486 180 568 plures
212 483 392 548 exstiterint
426 485 488 547 hoc
522 485 655 547 nomine
688 484 713 558 ¹,
747 484 904 568 conjicere
940 485 993 551 vix
1024 507 1088 550 uu-

66 606 239 677 deremus,
271 601 331 665 nisi
363 614 497 684 propter
532 601 734 665 mentionem
767 602 843 688 legis
872 602 1014 668 Fanniae
1042 604 1084 668 ab

66 743 108 785 eo
151 741 259 784 suasae
303 738 397 784 causa
436 720 600 784 videretur
637 741 717 796 esse,
759 742 819 785 our
853 724 994 785 eundern
1020 744 1085 786 esse

66 852 284 921 putaremus,
310 839 350 901 do
380 858 446 921 quo
478 835 592 902 Cicero
625 837 659 900 in
681 836 784 902 Bruto
804 838 853 902 his
870 839 977 935 verbip
999 839 1081 925 egit:

68 983 88 1023 «
103 957 258 1041 Ejusdem
282 959 350 1019 fere
370 956 527 1038 temperis
551 955 615 1020 suit
630 977 727 1039 eques
746 956 915 1022 Romanus
940 956 978 1022 C.
1003 956 1086 1022 Titi·

66 1097 123 1163 us,
145 1074 202 1159 qui
226 1094 301 1139 meo
315 1072 438 1158 judicio
467 1094 505 1137 eo
519 1073 700 1157 pervenisse
719 1075 868 1151 ridetur,
892 1097 959 1159 quo
979 1075 1087 1158 potuit

67 1197 138 1257 fere
167 1193 301 1257 Latinus
326 1197 435 1256 orator
460 1192 527 1255 sine
548 1191 679 1257 Graecis
702 1193 801 1257 literis
828 1206 860 1257 et
881 1194 949 1258 sine
975 1196 1083 1259 multo

65 1333 132 1375 usu
163 1309 344 1393 pervenire.
390 1309 495 1394 Hujus
526 1310 684 1375 orationes
705 1324 837 1376 tantum
859 1311 1083 1398 argutiarum,

67 1442 204 1494 tantum
217 1428 411 1493 urbanitatis
424 1427 556 1518 habent,
571 1442 608 1491 ut
622 1450 722 1511 paene
736 1428 846 1494 Attico
862 1429 934 1494 stilo
947 1430 1087 1514 scriptae

67 1570 135 1612 esse
171 1547 351 1612 videantur.
398 1546 536 1611 Easdem
571 1548 713 1633 argutias
742 1547 778 1610 in
801 1545 978 1634 tragoedias
1005 1548 1080 1614 satis

66 1666 123 1729 ille
156 1666 290 1750 quidem
316 1677 433 1740 acute,
467 1667 527 1738 sed,
550 1686 671 1748 parum
706 1666 828 1751 tragice
856 1666 1078 1731 transtulitiaa

65 1782 163 1848 Patet
190 1805 267 1847 eum
288 1784 381 1847 valde
402 1781 550 1846 nobilem
569 1797 756 1859 oratorem,
780 1784 943 1868 tragicum
958 1784 1083 1848 medio·

67 1925 161 1969 crem
182 1902 295 1976 fuisse,
324 1903 493 1986 aequalem
520 1899 581 1965 Cn.
613 1901 769 1977 Domitii,
801 1900 839 1967 C.
865 1901 963 1967 Caelii
983 1915 1016 1966 et
1038 1899 1085 1967 M.

69 2020 246 2097 Herennii,
260 2020 317 2104 qui
336 2041 468 2095 omnes,
494 2033 531 2083 ut
549 2032 686 2103 apparet
709 2040 749 2082 ex
768 2019 804 2084 iis
825 2042 908 2104 quae
927 2021 961 2084 in
982 2021 1085 2086 Bruto

66 2140 291 2224 praecedunt,
321 2136 424 2202 Crassi
446 2149 478 2200 et
496 2134 630 2200 Antonii
648 2149 817 2201 oratorum
841 2141 988 2222 aequales
1013 2143 1084 2203 iue-

66 2269 160 2322 runt.
184 2254 325 2320 Additur
349 2267 478 2320 autem:
504 2277 521 2321 «
536 2277 637 2340 quem
649 2256 799 2320 studebat
811 2257 933 2320 imitari
943 2257 980 2320 L.
990 2257 1090 2323 Afra-

65 2375 140 2440 nius
165 2378 278 2459 poeta,
304 2376 406 2437 homo
417 2387 622 2460 perargutus,
645 2375 680 2437 in
692 2375 809 2439 fabulis
823 2376 957 2459 quidem
969 2376 1082 2450 etiam,

65 2507 107 2557 ut
142 2491 249 2569 scitis,
287 2491 463 2556 disertus.»
518 2489 590 2556 Hoc
645 2492 870 2555 testimonium
920 2489 1100 2575 Ciceronis¹

67 2614 191 2676 multos
231 2609 384 2685 induxit,
421 2623 459 2674 ut
502 2609 541 2674 L.
577 2608 772 2684 Afranium,
811 2610 903 2691 cujus
946 2621 1085 2671 aetatem

64 2751 233 2816 perpauca
259 2728 448 2811 ceteroquin
469 2727 602 2813 vestigia
628 2728 814 2803 declarant,
850 2724 993 2789 floruisse
1018 2741 1088 2791 sta-

66 2860 200 2916 tuerent
221 2847 306 2912 circa
326 2844 501 2921 Herennii‚
525 2845 582 2930 qui
615 2844 659 2908 ibi
684 2858 911 2920 memoratur,
936 2849 1087 2910 consula-

66 2982 143 3034 tum
180 2987 266 3032 anno
302 2966 366 3029 660
405 2962 474 3052 (94)
516 2977 655 3050 gestum.
713 2960 776 3026 Sed
805 2963 888 3028 mire
909 2963 985 3029 hinc
1008 2987 1088 3047 per-

104 3302 116 3337 ι
157 3283 220 3335 vid.
254 3284 437 3338 Weiclrert
466 3286 558 3336 Porri.
582 3286 663 3336 Lars.
682 3287 732 3334 Fr.
752 3301 780 3349 p.
798 3284 859 3352 572.
879 3283 943 3336 Nou
961 3297 1029 3348 opus
1047 3287 1089 3332 est

65 3388 96 3434 ut
111 3417 120 3443 ,
141 3398 221 3449 quem
240 3381 344 3434 Fronto
363 3380 436 3446 1).er
453 3385 605 3442 memorat,
625 3378 658 3434 C.
671 3378 776 3432 'l'itium
787 3379 924 3431 diversum
935 3396 992 3428 esse
1003 3383 1088 3449 pute-

63 3479 179 3530 musab
196 3495 250 3540 eo,
269 3478 317 3546 qui
336 3477 464 3530 Ciceroni
482 3475 617 3529 laudatur.
638 3474 736 3544 Neque
754 3477 838 3544 igitur
855 3477 895 3527 ihi
914 3475 1089 3528 substituen-

65 3576 132 3627 dum
160 3581 201 3626 est
228 3574 252 3625 T
263 3575 412 3627 itinnii
439 3592 560 3636 nomen,
589 3573 665 3643 quod
698 3574 925 3627 inconsideratius
948 3574 1031 3625 statui
1057 3574 1086 3624 in

66 3678 152 3745 Disq.
170 3675 204 3726 de
221 3677 256 3732 Ia.
275 3673 361 3725 Aelio
383 3673 492 3724 Stilone
509 3672 593 3736 p.42.

101 3790 119 3826 2
153 3772 186 3827 C.
199 3771 243 3823 45.
262 3770 310 3823 Sic
321 3770 511 3837 existimarunt
525 3772 561 3820 M
567 3789 582 3821 e
588 3790 611 3837 y
625 3790 665 3821 er
678 3773 771 3823 Oratt.
780 3772 861 3820 Rom.
863 3771 975 3840 fragm.
988 3787 1013 3835 p.
1026 3771 1089 3838 178,

68 3868 184 3923 Orell.
204 3870 302 3919 Onam.
323 3865 533 3935 Tall.11,590.
555 3866 611 3928 ΙΙΙ,
630 3866 691 3934 274.
712 3869 991 3919 Westermann
1008 3867 1088 3919 eiiam

69 3963 157 4034 legem
175 3964 320 4024 Fanniam,
349 3982 403 4017 non
415 3965 590 4016 sumtuariam
601 3964 662 4015 auni
673 3963 725 4032 593
744 3965 818 4031 (rsit)
839 3965 986 4033 significari
999 3972 1088 4032 putat,

74 4062 173 4115 Gescd.
194 4060 222 4113 d.
238 4065 322 4118 Riim.
339 4062 466 4112 Beredts·
486 4077 513 4124 p.
534 4060 593 4113 124.

580 4187 599 4248 2
