2580 4756
701 307 760 364 146

227 482 394 566 publicam
429 483 651 545 recitationem
685 504 745 545 nec
781 483 939 563 sperarit,
974 504 1036 546 nec
1066 483 1243 570 cogitarit,

225 603 281 663 sod
320 599 464 682 privatae
496 600 624 662 lectioni
662 599 832 663 destinarit
862 621 942 682 opus
974 622 1098 677 suum,
1134 616 1173 665 ut
1195 604 1242 668 bic

229 738 336 782 tersus
357 729 513 794 testatur:

272 833 416 898 Feraera
438 857 479 897 aaa
504 834 646 921 longum
672 857 748 898 rtastu
769 836 828 898 ltoc
856 835 1033 916 Iactorihu'
1060 836 1236 902 tradamb

227 951 339 1037 Neque
371 972 449 1015 vero
482 951 539 1034 qui
565 952 665 1034 primi
686 966 859 1017 censentur
882 953 968 1018 illius
990 955 1097 1037 operis
1120 957 1236 1019 famam

228 1090 439 1154 propagasse,
470 1068 647 1133 Archelaus
676 1081 709 1132 et
732 1069 961 1152 Philocomus,
985 1092 1081 1154 spem
1106 1073 1236 1137 auctoris

224 1199 448 1270 superarunt,
484 1188 541 1251 sed
574 1207 685 1251 coram
715 1187 824 1268 paucis
852 1187 1071 1253 familiaribus
1094 1192 1236 1274 legerunt
1283 1242 1286 1249 .

226 1318 260 1368 et
293 1304 508 1370 commentati
536 1316 624 1370 sunt.
671 1303 834 1370 Credibile
861 1318 974 1369 tamen
997 1318 1067 1381 est,
1092 1307 1236 1388 proximo

228 1435 401 1505 ternpore,
429 1442 535 1504 quum
563 1424 737 1486 vehemens
757 1422 904 1486 studium
925 1436 957 1486 et
976 1421 1154 1488 admiratio
1164 1443 1236 1506 poe

228 1551 279 1602 tae
301 1540 530 1604 Romanorum
552 1538 680 1604 animos
703 1554 736 1605 et
758 1540 887 1626 ingenia
910 1554 1119 1624 occupasset,
1136 1541 1235 1606 labeu-

227 1669 259 1720 te
279 1655 447 1740 republica
466 1657 501 1719 in
521 1668 644 1742 magno
663 1657 839 1721 hominurn
861 1671 1025 1723 conventu
1034 1658 1235 1742 pronunciari

229 1774 477 1858 illudcoepisse.
502 1773 655 1839 Horatius
678 1774 745 1857 ipse
756 1774 866 1849 satiras
878 1797 949 1841 suas
961 1775 1124 1864 audientis
1135 1774 1235 1861 populi

228 1893 348 1977 jndicio
367 1892 525 1976 suincere
548 1893 674 1969 noluit,
697 1893 773 1977 quia
799 1906 923 1969 oeseut,
948 1914 1030 1977 quos
1052 1893 1235 1980 gemnillud

228 2012 365 2074 minime
389 2013 529 2093 Juvaret.
576 2009 695 2074 Maluit
729 2032 780 2075 aas
803 2010 939 2087 amicis,
973 2031 1042 2077 non
1066 2012 1174 2077 ubivis
1191 2031 1235 2076 oo-

228 2148 342 2191 ramva
377 2125 599 2210 quibuslibet,
622 2125 798 2192 recitaret.
848 2125 938 2191 Illud
975 2127 1175 2216 intelligitur
1204 2148 1235 2191 ex

232 2244 338 2309 verbis
369 2243 496 2307 Horatii
517 2243 622 2331 vulgo
645 2245 796 2307 recitare
820 2246 1003 2338 timentis,
1027 2266 1097 2311 non
1120 2245 1238 2312 inaudi-

233 2375 306 2427 tum
328 2383 405 2425 eum
427 2361 598 2446 negotium
618 2373 847 2444 suscepturum
868 2363 972 2429 fuisse.
1015 2360 1115 2446 Quod
1133 2365 1239 2429 confir-

234 2495 346 2545 matur
374 2479 559 2563 interpretis
583 2477 710 2544 verbis:
737 2478 834 2545 «Alii
855 2479 1006 2545 Sulcinm
1031 2493 1065 2546 et
1090 2480 1239 2566 Caprium

232 2620 360 2665 amaros
377 2599 473 2664 fnisse
489 2595 633 2663 satiricos
656 2599 775 2681 ajunt,
795 2599 854 2682 qui
878 2594 1048 2664 adravim
1067 2619 1240 2684 usquesuas

232 2719 345 2784 satiras
377 2717 577 2792 recitabant,
610 2718 774 2800 carpendo
807 2711 948 2782 latrones
969 2717 991 2781 i.
1015 2738 1042 2784 e.
1069 2717 1196 2784 vitiosos
1214 2728 1242 2780 et

234 2839 321 2899 male
350 2833 530 2900 viventes3.
546 2853 563 2894 a
610 2833 685 2897 Non
707 2834 825 2897 diserte
843 2831 986 2906 traditur
1007 2835 1074 2898 hoc
1096 2832 1240 2899 recitandi

236 2973 375 3017 munere
395 2954 527 3014 functus
544 2972 608 3014 esse
631 2950 779 3017 Valerius
803 2950 903 3030 Cat03
927 2953 983 3015 sed
1000 2950 1241 3036 existimoequi·

234 3074 312 3135 dem
342 3068 601 3135 commodissime
635 3069 671 3131 in
694 3090 810 3134 eorum
830 3088 1012 3135 numerum
1035 3071 1152 3137 referri
1174 3089 1239 3137 aum

238 3209 340 3271 posse.
385 3185 472 3252 Nam
498 3199 545 3250 est
564 3189 604 3250 de
627 3207 665 3251 eo
683 3187 737 3251 hic
761 3188 956 3252 versiculus:

286 3309 371 3373 Cato
390 3306 676 3396 grammaticus,
699 3304 834 3370 Latino
854 3303 980 3402 Sia-aaa,
1018 3396 1021 3401 ἢ

287 3426 359 3515 Qui
382 3425 478 3490 solata
503 3424 592 3510 tegit
616 3446 657 3487 aa
671 3423 771 3508 facit
790 3423 951 3509 portast.

245 3635 466 3650 ..na-W·-
472 3634 524 3646 ·--=

276 3790 286 3824 r
325 3774 439 3841 Fragm.
457 3769 522 3829 IX,
543 3769 586 3824 15.
614 3769 660 3824 ct.
677 3773 816 3821 Densa
834 3787 861 3836 p.
883 3768 943 3821 124.

273 3886 288 3920 2
328 3866 783 3936 Sat.i‚lt,22,72.ro,58.

276 3965 292 4014 5
330 3968 462 4018 comm.
483 3967 568 4035 Cruq·
587 3980 614 4030 p.
633 3963 679 4018 351
701 3965 822 4014 adflat.
847 3965 908 4012 Sat.
932 3961 954 4023 l,
976 3959 1003 4020 l,
1024 3978 1069 4028 7⁰·
1180 3984 1183 3989 ·

278 4059 292 4108 4
326 4059 437 4115 DsIll.
459 4063 507 4111 Gr·
528 4072 570 4096 ”-
