2580 4756
633 328 697 388 213

133 505 213 586 bal,
246 505 333 573 unde
368 503 422 572 illa
445 506 477 573 in
503 507 653 592 populari
679 506 808 573 ratione
834 504 945 571 levitas
969 506 1146 571 exstitisset.

132 627 218 690 Nam
243 626 299 710 qui
317 627 424 690 adbuc
448 600 583 690 abonis
600 642 731 708 semper
754 624 929 689 dissederat
942 668 951 700 ,
965 624 1064 706 idque
1077 642 1149 686 mo·

133 738 186 808 liri
212 755 281 808 crat
304 743 397 820 visua,
424 756 462 808 ut
482 744 674 827 exstirparet
694 743 896 827 optimatum
907 740 1148 814 auctoritatem,

135 862 265 927 mnata
284 862 393 927 subito
415 875 524 926 mente
545 861 690 926 adhaesit
713 860 773 935 iis,
798 873 897 944 atque
920 860 965 924 ita
976 870 1150 923 amentatus

133 994 204 1057 est,
228 994 266 1044 ut
286 981 449 1045 blanditus
466 978 555 1062 plebi
581 982 699 1043 fuerat.
744 976 858 1062 Neque
878 991 990 1042 tamon
1011 976 1040 1040 ei
1061 979 1149 1039 hunc

133 1102 175 1163 ad
209 1098 311 1162 bonos
342 1099 486 1161 reditum
519 1100 635 1161 afferre
661 1120 680 1161 a
709 1093 803 1160 bonis
825 1097 962 1159 salutern
988 1093 1149 1177 potuisse,

136 1233 215 1278 mox
239 1215 357 1297 patuit.
382 1212 466 1278 Nam
487 1227 662 1299 postquam
685 1211 723 1278 C.
749 1210 938 1286 Gracchus,
964 1213 1019 1295 qui
1039 1210 1152 1275 Aven-

137 1333 246 1395 tinum
272 1332 399 1396 armati
424 1332 635 1396 multitudine
658 1343 896 1413 occupaverat,
920 1353 938 1394 a
963 1329 999 1392 L.
1014 1328 1152 1413 Opimio

137 1453 267 1513 consule
280 1472 318 1512 ex
332 1448 418 1515 SCto
429 1449 616 1514 interfectus
633 1462 719 1526 erat,
734 1447 775 1533 Q.
790 1448 908 1512 Decius
922 1448 1070 1511 tribunus
1083 1451 1151 1529 ple-

137 1567 187 1629 bis
205 1567 378 1650 majestatis
402 1589 480 1630 eum
502 1567 663 1632 accusavit
681 1567 889 1653 negavitque,
912 1565 1021 1629 salutis
1043 1564 1150 1628 omni·

139 1705 195 1746 um
217 1693 251 1748 et
275 1687 512 1750 conservandae
534 1684 732 1768 reipublicae
757 1683 850 1749 causa
875 1683 926 1745 vel
946 1679 1152 1745 sceleratissi-

138 1822 233 1863 mum
256 1802 360 1865 civem
384 1803 452 1866 sinc
470 1803 594 1887 judicio
626 1803 734 1866 necari
753 1804 862 1866 licere.
909 1800 997 1862 Tum
1018 1797 1144 1881 Opimii

136 1940 267 1981 causam
299 1919 417 1982 acriter
452 1919 596 1981 defendit
631 1916 742 1981 Carbo
770 1937 833 1981 cos.
871 1937 930 1979 nec
965 1916 1154 1998 quidquam·

137 2037 178 2097 de
202 2033 240 2097 C.
267 2033 408 2099 Gracchi
431 2056 509 2099 nece
531 2034 682 2120 negavit,
705 2036 761 2098 sed
781 2035 814 2097 id
832 2035 907 2118 jure
930 2056 968 2098 ac
980 2054 1040 2116 pro
1050 2035 1152 2096 salute

139 2150 263 2231 patriae
287 2173 326 2214 er
344 2149 430 2216 SCto
451 2155 575 2217 factum
597 2174 661 2217 esse
680 2151 855 2217 contendit.
903 2151 1011 2236 atque
1028 2152 1079 2215 sic⁴
1095 2151 1149 2214 ille

137 2267 271 2351 quidem
305 2270 416 2352 populi
449 2270 607 2355 suffragiis
642 2270 807 2334 absolutus
839 2284 885 2335 est
900 2270 925 2335 ¹.
978 2268 1053 2334 Sed·
1073 2290 1150 2334 mox

137 2385 258 2448 exstitit
279 2387 395 2451 nobilis
416 2387 470 2450 illa
493 2387 532 2450 L.
557 2387 672 2452 Licinii
698 2387 801 2453 Crassi
825 2391 1004 2454 admodum
1031 2391 1151 2452 adoles·

138 2501 237 2564 centis
260 2501 294 2564 in
308 2499 493 2566 Carbonem
515 2501 693 2579 accusatio,
707 2526 790 2587 quae
803 2517 841 2566 ut
853 2504 956 2567 actori
972 2503 1152 2566 maximam

139 2621 288 2692 laudem,
314 2617 359 2682 i'ta
378 2640 435 2683 reo
461 2619 597 2683 exitium
622 2621 742 2685 attulit.
780 2619 937 2703 Quamvis
961 2633 1072 2683 autem
1085 2640 1153 2683 non

139 2737 256 2800 diserte
276 2739 453 2809 tradatur,
470 2757 571 2819 quam
597 2736 639 2799 ob
661 2757 789 2800 oausam
815 2736 851 2798 iu
872 2736 1032 2820 judicium
1054 2755 1153 2799 voca-

138 2868 189 2919 tus
224 2854 286 2927 sit,
323 2867 434 2915 tamen
465 2853 617 2934 suspicari
644 2854 734 2929 licet,
767 2853 810 2917 ob
833 2856 919 2916 male
942 2867 1070 2940 gestum
1094 2852 1152 2917 tri·

137 2973 304 3035 bunatum
330 2969 369 3032 id:
385 2967 545 3035 accidisse.
592 2971 631 3034 ln
655 2971 800 3035 oratione
820 2971 931 3048 enim,
965 2994 1066 3056 quam
1092 2974 1150 3037 lra-

138 3088 212 3151 buit
234 3085 381 3161 Crassus,
403 3109 453 3151 res
483 3087 537 3150 illa
557 3087 626 3171 ipsa
645 3088 791 3174 tangitur
808 3089 856 3152 his
880 3089 1002 3154 verbis:
1028 3087 1151 3166 «Non,

136 3205 162 3269 si
188 3201 362 3286 Opimium
383 3204 573 3280 defendisti,
609 3203 737 3282 Carbo,
759 3207 878 3272 iccirco
895 3221 928 3271 te
951 3208 1003 3272 isti
1026 3209 1152 3295 bonum

140 3323 250 3388 civem.
274 3322 456 3407 putabunt:
480 3321 646 3388 simulasse
669 3336 702 3388 te
728 3337 760 3387 et
782 3325 871 3388 aliud
892 3325 973 3407 quid
996 3326 1153 3407 quaesisse

137 3441 352 3523 perspicuum
378 3453 444 3513 est,
467 3442 557 3524 quod
588 3440 639 3504 Ti.
673 3439 812 3506 Gracchi
839 3453 984 3505 mortem
1003 3463 1097 3524 saepe
1118 3444 1167 3511 in.

137 3558 344 3626 concionibus
364 3542 568 3640 deplorasti,
612 3560 714 3640 quod
734 3556 782 3624 P..
804 3554 950 3621 Africani
984 3559 1069 3624 necis
1097 3582 1153 3626 so-

138 3675 204 3739 cius
225 3676 332 3752 fuisti,
357 3679 446 3762 quod
469 3697 539 3741 eam
559 3679 666 3766 legem
690 3675 725 3738 in
749 3675 919 3739 tribunatu
941 3678 1152 3763 tulistiqund

144 3855 421 3872 ’m

173 3975 183 4012 1
223 3963 303 4020 biv.
333 3964 476 4032 Epit.sr.
511 3967 587 4018 Cic.
620 3967 707 4023 catil.
728 3966 753 4029 l,
774 3986 801 4030 2,
822 3968 847 4019 4³.
879 3971 1025 4021 lic-Orat.
1046 3969 1088 4032 l'l'j
1110 3967 1154 4029 ²5,

139 4059 196 4112 106.
215 4058 259 4119 30,
283 4057 340 4113 132·
367 4061 491 4113 Partiri.
510 4072 584 4115 orat.
602 4063 647 4125 30,
669 4063 729 4114 toi.
