2580 4756
620 399 680 462 109

141 572 260 640 ditum
279 587 310 640 et
335 573 633 641 inelaboratum.»
658 574 743 640 Hinc
759 575 838 640 illud
864 575 1031 664 Appuleji:
1058 601 1075 643 «
1089 575 1151 642 Ne·

141 716 209 779 que
241 695 330 758 enim
356 707 506 772 metuo,'
525 716 566 758 ne
598 694 632 758 in
665 694 787 761 frivolis
807 668 1016 779 displiceam,
1039 696 1150 782 quiin

141 813 347 899 gravioribus
367 814 485 897 placui.
532 811 596 879 Sed
619 827 657 878 ut
677 834 732 877 me
751 814 959 878 omnifariam
979 815 1150 891 noveritis,-

141 945 175 997 et
194 931 321 1009 misto,
347 945 384 996 ut
408 933 453 997 ait
482 930 646 1008 Lucilius,
669 933 798 997 schedio
816 945 848 997 et
868 933 1034 998 incondito
1050 955 1153 1018 expe·

141 1050 296 1127 riamini,
318 1073 360 1115 an
375 1050 464 1115 idem
481 1050 543 1114 sim
555 1050 741 1135 repentinus
756 1096 764 1127 ,
788 1051 845 1136 qui
866 1065 1076 1136 praeparatus
1090 1053 1117 1119 '¹.
1132 1071 1150 1117 u

143 1168 276 1235 Collatis
299 1169 347 1233 his
368 1169 446 1234 locis
461 1169 618 1246 efficitur,
642 1169 827 1254 expressisse
847 1169 1022 1249 Lucilium,
1045 1193 1151 1256 quum

137 1288 198 1352 illo
220 1287 381 1353 vocabulo
411 1302 581 1366 uteretur,
604 1308 741 1353 suorum
766 1293 959 1372 poematum
978 1290 1150 1364 rationem,

142 1409 244 1472 talem
255 1407 366 1485 illam,
390 1410 522 1492 qualem
536 1410 635 1472 modo
648 1407 690 1471 ab
703 1406 836 1473 Horatio
847 1409 1031 1491 accepimus
1044 1409 1150 1475 fuisse.

142 1525 414 1592 Tumultuarium
446 1525 535 1589 enim
567 1545 698 1610 prorsus
731 1540 801 1591 erat
830 1540 928 1611 atque
950 1549 989 1592 ex
1017 1540 1152 1611 tempo·

139 1668 175 1712 re
208 1645 427 1722 tundebatur,
459 1644 621 1731 quidquid
651 1645 686 1708 in
716 1659 863 1710 mentem
899 1647 1065 1725 veniebat3
1096 1647 1152 1710 ni-

134 1765 187 1829 ·hil
211 1764 429 1829 meditationis
458 1777 532 1828 ante
560 1785 662 1848 quam
678 1764 800 1848 scripto
819 1786 876 1828 sua
903 1767 1072 1829 mandaret
1091 1777 1150 1828 aut

140 1884 279 1949 dictaret
300 1883 417 1959 servis,
440 1883 540 1961 nihil,
552 1895 728 1967 postquam
749 1883 892 1947 illuserat
903 1883 1041 1951 chartis.
1054 1890 1151 1947 cur'ae

138 2016 172 2067 et
189 2002 403 2087 expolitionis.
427 2001 573 2066 Tantum
585 2001 718 2078 aberat,
744 2016 781 2066 ut
803 2024 911 2067 versus
921 2005 1150 2068 tesserularum

137 2135 243 2186 essent
274 2121 397 2198 instar,
431 2119 613 2203 pavimenti
637 2133 706 2185 arte
733 2135 831 2205 atque
853 2120 1051 2185 emblemate
1073 2143 1152 2188 ver·

141 2241 297 2305 miculato
321 2239 581 2316 elaboraturum,
601 2253 639 2305 ut
660 2243 754 2306 rudes
780 2241 886 2305 trabes
906 2240 1063 2305 subitost
1082 2241 1150 2306 sine

139 2373 211 2426 arte
246 2361 399 2425 conflatas
425 2359 588 2424 verusime
619 2363 789 2424 referrent.
836 2359 914 2425 Tale
944 2357 1150 2425 colundium2

140 2479 327 2544 Lucilianae
347 2477 565 2563 improbitatis
591 2478 743 2543 Petronio
769 2499 836 2541 non
860 2477 1039 2560 displicuit;
1064 2499 1151 2564 qua·

137 2611 296 2683 propter,
316 2611 354 2662 ut
371 2598 560 2682 Appulejus,
575 2619 613 2662 eo
635 2618 730 2662 usum
752 2619 784 2661 se
796 2597 980 2679 profitetur.

104 2758 107 2764 ·
183 2717 305 2783 Plinii
328 2717 491 2802 majoris
513 2697 593 2780 haec
614 2729 690 2780 sunt
700 2716 735 2778 in
747 2714 851 2797 operis
864 2712 1060 2810 praefatione
1074 2734 1150 2778 ver-

136 2837 197 2902 ba:
215 2863 242 2903 ·«
255 2837 422 2902 Praeterea
442 2845 489 2900 est
507 2837 674 2920 'quaedam
686 2832 817 2916 publica
834 2832 932 2896 etiam
943 2831 1147 2896 eruditorum

135 2957 280 3042 rejectio.
326 2956 440 3024 Utitur
471 2955 578 3018 illast
600 2951 646 3019 M.
668 2952 808 3028 Tullius,
829 2964 920 3016 extra
942 2972 1076 3014 omnem
1095 2951 1151 3021 in,-

134 3077 225 3163 genii
246 3078 349 3141 aleam
369 3072 508 3158 positus,
522 3086 554 3137 ct
581 3073 683 3162 (quod
694 3068 867 3156 miremur)
882 3092 940 3155 per
952 3072 1147 3136 advocatum

134 3195 334 3260 defenditur.
356 3191 395 3258 N
393 3217 426 3258 ec
449 3192 689 3257 doctissimis.-
711 3189 874 3255 Munium
888 3189 1052 3256 Persium
1066 3189 1148 3270 liaeo

135 3315 252 3404 legere
284 3312 386 3390 uolo,
409 3309 559 3376 Juuium
582 3310 736 3399 Congum
756 3307 866 3376 eolo&
912 3307 1010 3395 Quod
1028 3307 1054 3371 si
1079 3309 1142 3373 hoc

170 3679 185 3719 1
221 3663 332 3715 Floria.
358 3676 395 3745 ⁸
414 3678 443 3728 p.
466 3659 523 3713 150.
550 3660 602 3713 cff.
620 3659 749 3731 Apoll.
771 3659 906 3712 Sidou·
924 3658 999 3728 Epa·
1019 3653 1146 3720 vitm.

134 3759 287 3812 Asson,
321 3754 622 3827 1dy11.V11p.540.

168 3873 187 3909 2
220 3855 318 3915 Σχέδιον·
344 3856 425 3907 etiam
452 3855 587 3907 librorum
616 3853 726 3906 tilulum
753 3851 835 3904 tuisse
859 3850 943 3902 tradit
969 3849 1145 3903 Plinius

131 3960 173 4039 .H’
194 3957 229 4010 N.
249 3957 349 4028 Putes.

166 4053 184 4103 5
220 4054 253 4104 ln
271 4053 350 4105 Edit.
374 4055 482 4105 Veneta
499 4069 523 4105 o.
542 4050 608 4122 1469
627 4050 743 4119 legitur:
764 4053 823 4103 Nec
840 4048 1031 4100 doctissimum
1051 4043 1142 4094 omui-

129 4168 178 4203 um
197 4152 324 4204 Persium
341 4150 394 4201 hoe
408 4151 501 4221 legere
516 4151 599 4214 volo,
620 4149 732 4202 Delium
752 4149 884 4218 Congium
900 4145 972 4199 volo.
