<?xml version="1.0" encoding="UTF-8"?>
<!DOCTYPE html PUBLIC "-//W3C//DTD XHTML 1.0 Transitional//EN"
    "http://www.w3.org/TR/xhtml1/DTD/xhtml1-transitional.dtd">
<html xmlns="http://www.w3.org/1999/xhtml" xml:lang="en" lang="en">
 <head>
  <title>
</title>
<meta http-equiv="Content-Type" content="text/html;charset=utf-8" />
  <meta name='ocr-system' content='tesseract 3.04.00' />
  <meta name='ocr-capabilities' content='ocr_page ocr_carea ocr_par ocr_line ocrx_word'/>
</head>
<body>
  <div class='ocr_page' id='page_1' title='image "./studiacriticain00heusgoog_0238.png"; bbox 0 0 2580 4756; ppageno 0'>
   <div class='ocr_carea' id='block_1_1' title="bbox 596 387 674 450">
    <p class='ocr_par' dir='ltr' id='par_1_1' title="bbox 596 387 674 450">
     <span class='ocr_line' id='line_1_1' title="bbox 596 387 674 450; baseline 0.026 -2"><span class='ocrx_word' id='word_1_1' title='bbox 596 429 598 434; x_wconf 91' lang='lat'><em>-</em></span> <span class='ocrx_word' id='word_1_2' title='bbox 611 387 674 450; x_wconf 76' lang='lat'><strong>227</strong></span> 
     </span>
    </p>
   </div>
   <div class='ocr_carea' id='block_1_2' title="bbox 132 563 1187 3129">
    <p class='ocr_par' dir='ltr' id='par_1_2' title="bbox 132 563 1187 1951">
     <span class='ocr_line' id='line_1_2' title="bbox 133 563 1146 647; baseline -0.005 -16"><span class='ocrx_word' id='word_1_3' title='bbox 133 563 285 631; x_wconf 85' lang='lat' dir='ltr'><strong>Laelium</strong></span> <span class='ocrx_word' id='word_1_4' title='bbox 318 587 337 628; x_wconf 91' lang='lat' dir='ltr'><strong>a</strong></span> <span class='ocrx_word' id='word_1_5' title='bbox 371 572 468 647; x_wconf 73' lang='lat' dir='ltr'><strong>poeta</strong></span> <span class='ocrx_word' id='word_1_6' title='bbox 502 566 673 629; x_wconf 90' lang='lat' dir='ltr'><strong>inductum</strong></span> <span class='ocrx_word' id='word_1_7' title='bbox 697 587 761 628; x_wconf 85' lang='lat' dir='ltr'><strong>esse</strong></span> <span class='ocrx_word' id='word_1_8' title='bbox 784 585 851 627; x_wconf 91' lang='lat' dir='ltr'><strong>non</strong></span> <span class='ocrx_word' id='word_1_9' title='bbox 871 566 977 628; x_wconf 86' lang='lat' dir='ltr'><strong>solum</strong></span> <span class='ocrx_word' id='word_1_10' title='bbox 995 564 1146 628; x_wconf 80' lang='lat' dir='ltr'><strong>Gallonio</strong></span> 
     </span>
     <span class='ocr_line' id='line_1_3' title="bbox 132 667 1145 766; baseline -0.004 -18"><span class='ocrx_word' id='word_1_11' title='bbox 132 685 391 766; x_wconf 83' lang='lat' dir='ltr'>exprobrantem</span> <span class='ocrx_word' id='word_1_12' title='bbox 413 683 646 747; x_wconf 89' lang='lat' dir='ltr'><strong>immoderatos</strong></span> <span class='ocrx_word' id='word_1_13' title='bbox 661 667 782 746; x_wconf 76' lang='lat' dir='ltr'><strong>coenae</strong></span> <span class='ocrx_word' id='word_1_14' title='bbox 800 696 937 757; x_wconf 85' lang='lat' dir='ltr'><strong>sumtus,</strong></span> <span class='ocrx_word' id='word_1_15' title='bbox 960 704 1077 745; x_wconf 84' lang='lat' dir='ltr'><strong>verum</strong></span> <span class='ocrx_word' id='word_1_16' title='bbox 1099 693 1145 745; x_wconf 84' lang='lat' dir='ltr'><strong>et-</strong></span> 
     </span>
     <span class='ocr_line' id='line_1_4' title="bbox 133 799 1187 885; baseline 0.001 -21"><span class='ocrx_word' id='word_1_17' title='bbox 133 803 202 866; x_wconf 89' lang='lat' dir='ltr'><strong>iam</strong></span> <span class='ocrx_word' id='word_1_18' title='bbox 222 824 262 864; x_wconf 86' lang='lat' dir='ltr'><strong>ex</strong></span> <span class='ocrx_word' id='word_1_19' title='bbox 277 801 463 885; x_wconf 82' lang='lat' dir='ltr'><strong>aequalibus</strong></span> <span class='ocrx_word' id='word_1_20' title='bbox 486 801 549 864; x_wconf 89' lang='lat' dir='ltr'><strong>suis</strong></span> <span class='ocrx_word' id='word_1_21' title='bbox 571 823 623 864; x_wconf 85' lang='lat' dir='ltr'><strong>eos</strong></span> <span class='ocrx_word' id='word_1_22' title='bbox 647 821 759 863; x_wconf 86' lang='lat' dir='ltr'><strong>omnes</strong></span> <span class='ocrx_word' id='word_1_23' title='bbox 780 799 977 863; x_wconf 87' lang='lat' dir='ltr'><strong>nominatim</strong></span> <span class='ocrx_word' id='word_1_24' title='bbox 1002 804 1147 882; x_wconf 85' lang='lat' dir='ltr'><strong>compel·</strong></span> <span class='ocrx_word' id='word_1_25' title='bbox 1185 880 1187 885; x_wconf 21' lang='grc' dir='ltr'>Ι</span> 
     </span>
     <span class='ocr_line' id='line_1_5' title="bbox 134 911 1157 1008; baseline -0.001 -24"><span class='ocrx_word' id='word_1_26' title='bbox 134 911 282 997; x_wconf 80' lang='lat' dir='ltr'><strong>lentem,</strong></span> <span class='ocrx_word' id='word_1_27' title='bbox 320 921 376 1004; x_wconf 92' lang='lat' dir='ltr'><strong>qui</strong></span> <span class='ocrx_word' id='word_1_28' title='bbox 401 920 551 983; x_wconf 87' lang='lat' dir='ltr'><strong>similiter</strong></span> <span class='ocrx_word' id='word_1_29' title='bbox 580 920 675 1005; x_wconf 77' lang='lat' dir='ltr'><strong>genio</strong></span> <span class='ocrx_word' id='word_1_30' title='bbox 696 934 729 983; x_wconf 84' lang='lat' dir='ltr'><strong>et</strong></span> <span class='ocrx_word' id='word_1_31' title='bbox 749 919 856 983; x_wconf 82' lang='lat' dir='ltr'><strong>ventri</strong></span> <span class='ocrx_word' id='word_1_32' title='bbox 874 919 972 982; x_wconf 88' lang='lat' dir='ltr'><strong>nimis</strong></span> <span class='ocrx_word' id='word_1_33' title='bbox 997 917 1157 1008; x_wconf 47' lang='lat' dir='ltr'><strong>indulge(</strong></span> 
     </span>
     <span class='ocr_line' id='line_1_6' title="bbox 135 1034 1146 1120; baseline -0.002 -16"><span class='ocrx_word' id='word_1_34' title='bbox 135 1034 222 1104; x_wconf 48' lang='lat' dir='ltr'><strong>renti</strong></span> <span class='ocrx_word' id='word_1_35' title='bbox 268 1039 362 1106; x_wconf 89' lang='lat' dir='ltr'>Unde</span> <span class='ocrx_word' id='word_1_36' title='bbox 395 1040 571 1102; x_wconf 85' lang='lat' dir='ltr'><strong>existimari</strong></span> <span class='ocrx_word' id='word_1_37' title='bbox 607 1040 700 1112; x_wconf 85' lang='lat' dir='ltr'><strong>licet,</strong></span> <span class='ocrx_word' id='word_1_38' title='bbox 738 1039 832 1103; x_wconf 87' lang='lat' dir='ltr'><strong>unius</strong></span> <span class='ocrx_word' id='word_1_39' title='bbox 864 1060 881 1101; x_wconf 90' lang='lat' dir='ltr'><strong>e</strong></span> <span class='ocrx_word' id='word_1_40' title='bbox 922 1039 1072 1120; x_wconf 77' lang='lat' dir='ltr'><strong>plurimis</strong></span> <span class='ocrx_word' id='word_1_41' title='bbox 1095 1040 1146 1102; x_wconf 93' lang='lat' dir='ltr'><strong>sui</strong></span> 
     </span>
     <span class='ocr_line' id='line_1_7' title="bbox 136 1155 1146 1223; baseline 0.002 -3"><span class='ocrx_word' id='word_1_42' title='bbox 136 1157 294 1221; x_wconf 84' lang='lat' dir='ltr'><strong>similibus</strong></span> <span class='ocrx_word' id='word_1_43' title='bbox 328 1155 468 1220; x_wconf 87' lang='lat' dir='ltr'><strong>Gallonii</strong></span> <span class='ocrx_word' id='word_1_44' title='bbox 504 1157 701 1222; x_wconf 87' lang='lat' dir='ltr'><strong>memoriam</strong></span> <span class='ocrx_word' id='word_1_45' title='bbox 745 1157 837 1220; x_wconf 88' lang='lat' dir='ltr'><strong>nobis</strong></span> <span class='ocrx_word' id='word_1_46' title='bbox 869 1171 1031 1221; x_wconf 84' lang='lat' dir='ltr'><strong>servatam</strong></span> <span class='ocrx_word' id='word_1_47' title='bbox 1071 1179 1146 1223; x_wconf 85' lang='lat' dir='ltr'><strong>esse.</strong></span> 
     </span>
     <span class='ocr_line' id='line_1_8' title="bbox 138 1273 1150 1360; baseline -0.002 -22"><span class='ocrx_word' id='word_1_48' title='bbox 138 1273 398 1360; x_wconf 74' lang='lat' dir='ltr'><strong>Cognominatur</strong></span> <span class='ocrx_word' id='word_1_49' title='bbox 423 1280 586 1360; x_wconf 73' lang='lat' dir='ltr'><strong>gurges,</strong></span> <span class='ocrx_word' id='word_1_50' title='bbox 611 1297 676 1360; x_wconf 91' lang='lat' dir='ltr'><strong>qua</strong></span> <span class='ocrx_word' id='word_1_51' title='bbox 694 1275 910 1357; x_wconf 84' lang='lat' dir='ltr'><strong>appellatione</strong></span> <span class='ocrx_word' id='word_1_52' title='bbox 931 1276 1029 1339; x_wconf 88' lang='lat' dir='ltr'><strong>etiam</strong></span> <span class='ocrx_word' id='word_1_53' title='bbox 1048 1275 1150 1338; x_wconf 87' lang='lat' dir='ltr'><strong>Fabi-</strong></span> 
     </span>
     <span class='ocr_line' id='line_1_9' title="bbox 141 1391 1150 1477; baseline 0.002 -23"><span class='ocrx_word' id='word_1_54' title='bbox 141 1413 199 1454; x_wconf 92' lang='lat' dir='ltr'><strong>um</strong></span> <span class='ocrx_word' id='word_1_55' title='bbox 222 1391 387 1474; x_wconf 89' lang='lat' dir='ltr'><strong>quendam</strong></span> <span class='ocrx_word' id='word_1_56' title='bbox 408 1413 426 1454; x_wconf 94' lang='lat' dir='ltr'><strong>a</strong></span> <span class='ocrx_word' id='word_1_57' title='bbox 448 1393 602 1455; x_wconf 82' lang='lat' dir='ltr'><strong>devorato</strong></span> <span class='ocrx_word' id='word_1_58' title='bbox 623 1392 822 1474; x_wconf 81' lang='lat' dir='ltr'><strong>patrimonio</strong></span> <span class='ocrx_word' id='word_1_59' title='bbox 838 1407 990 1457; x_wconf 86' lang='lat' dir='ltr'><strong>notatum</strong></span> <span class='ocrx_word' id='word_1_60' title='bbox 1016 1396 1110 1477; x_wconf 88' lang='lat' dir='ltr'><strong>ajunt</strong></span> <span class='ocrx_word' id='word_1_61' title='bbox 1123 1391 1150 1456; x_wconf 89' lang='lat'><strong>¹.</strong></span> 
     </span>
     <span class='ocr_line' id='line_1_10' title="bbox 140 1509 761 1575; baseline 0 -1"><span class='ocrx_word' id='word_1_62' title='bbox 140 1511 335 1575; x_wconf 87' lang='lat' dir='ltr'><strong>Praeconem</strong></span> <span class='ocrx_word' id='word_1_63' title='bbox 361 1510 455 1573; x_wconf 86' lang='lat' dir='ltr'><strong>fuisse</strong></span> <span class='ocrx_word' id='word_1_64' title='bbox 478 1509 631 1574; x_wconf 83' lang='lat' dir='ltr'><strong>Horatius</strong></span> <span class='ocrx_word' id='word_1_65' title='bbox 648 1513 761 1574; x_wconf 86' lang='lat' dir='ltr'><strong>docet:</strong></span> 
     </span>
     <span class='ocr_line' id='line_1_11' title="bbox 577 1629 980 1715; baseline 0.002 -24"><span class='ocrx_word' id='word_1_66' title='bbox 577 1665 623 1676; x_wconf 89' lang='lat'>—</span> <span class='ocrx_word' id='word_1_67' title='bbox 646 1629 742 1692; x_wconf 78' lang='lat' dir='ltr'><strong>haud</strong></span> <span class='ocrx_word' id='word_1_68' title='bbox 764 1633 817 1692; x_wconf 80' lang='lat' dir='ltr'><strong>itu</strong></span> <span class='ocrx_word' id='word_1_69' title='bbox 838 1629 980 1715; x_wconf 81' lang='lat' dir='ltr'><strong>pridem</strong></span> 
     </span>
     <span class='ocr_line' id='line_1_12' title="bbox 184 1747 992 1834; baseline -0.002 -22"><span class='ocrx_word' id='word_1_70' title='bbox 184 1747 329 1812; x_wconf 83' lang='lat' dir='ltr'><strong>Galloni</strong></span> <span class='ocrx_word' id='word_1_71' title='bbox 349 1751 533 1834; x_wconf 80' lang='lat' dir='ltr'><strong>praeconis</strong></span> <span class='ocrx_word' id='word_1_72' title='bbox 557 1761 632 1810; x_wconf 81' lang='lat' dir='ltr'><strong>eret</strong></span> <span class='ocrx_word' id='word_1_73' title='bbox 656 1751 852 1833; x_wconf 73' lang='lat' dir='ltr'><strong>acipensere</strong></span> <span class='ocrx_word' id='word_1_74' title='bbox 876 1769 992 1810; x_wconf 80' lang='lat' dir='ltr'><strong>mense</strong></span> 
     </span>
     <span class='ocr_line' id='line_1_13' title="bbox 186 1865 383 1951; baseline 0.005 -23"><span class='ocrx_word' id='word_1_75' title='bbox 186 1865 343 1951; x_wconf 77' lang='lat' dir='ltr'><strong>Infamia</strong></span> <span class='ocrx_word' id='word_1_76' title='bbox 356 1866 383 1929; x_wconf 76' lang='lat'><strong>2.</strong></span> 
     </span>
    </p>

    <p class='ocr_par' dir='ltr' id='par_1_3' title="bbox 139 1981 1152 3129">
     <span class='ocr_line' id='line_1_14' title="bbox 141 1981 1150 2070; baseline 0.002 -22"><span class='ocrx_word' id='word_1_77' title='bbox 141 1985 192 2048; x_wconf 76' lang='lat' dir='ltr'><strong>Au</strong></span> <span class='ocrx_word' id='word_1_78' title='bbox 211 2006 310 2067; x_wconf 90' lang='lat' dir='ltr'><strong>quem</strong></span> <span class='ocrx_word' id='word_1_79' title='bbox 333 1988 443 2048; x_wconf 90' lang='lat' dir='ltr'><strong>locum</strong></span> <span class='ocrx_word' id='word_1_80' title='bbox 461 1985 641 2066; x_wconf 81' lang='lat' dir='ltr'><strong>interpres:</strong></span> <span class='ocrx_word' id='word_1_81' title='bbox 669 1981 869 2049; x_wconf 83' lang='lat' dir='ltr'><strong>«Gallonius</strong></span> <span class='ocrx_word' id='word_1_82' title='bbox 887 2007 1003 2068; x_wconf 88' lang='lat' dir='ltr'><strong>praeco</strong></span> <span class='ocrx_word' id='word_1_83' title='bbox 1024 1989 1150 2070; x_wconf 89' lang='lat' dir='ltr'><strong>primus</strong></span> 
     </span>
     <span class='ocr_line' id='line_1_15' title="bbox 139 2102 1151 2189; baseline 0.007 -25"><span class='ocrx_word' id='word_1_84' title='bbox 139 2104 359 2182; x_wconf 85' lang='lat' dir='ltr'><strong>acipenserem</strong></span> <span class='ocrx_word' id='word_1_85' title='bbox 391 2102 514 2183; x_wconf 87' lang='lat' dir='ltr'><strong>piscem</strong></span> <span class='ocrx_word' id='word_1_86' title='bbox 547 2125 623 2166; x_wconf 87' lang='lat' dir='ltr'><strong>suae</strong></span> <span class='ocrx_word' id='word_1_87' title='bbox 657 2122 787 2168; x_wconf 86' lang='lat' dir='ltr'><strong>mensae</strong></span> <span class='ocrx_word' id='word_1_88' title='bbox 824 2106 984 2188; x_wconf 84' lang='lat' dir='ltr'><strong>apposuit.</strong></span> <span class='ocrx_word' id='word_1_89' title='bbox 1043 2105 1151 2189; x_wconf 86' lang='lat' dir='ltr'><strong>Quare</strong></span> 
     </span>
     <span class='ocr_line' id='line_1_16' title="bbox 140 2221 1151 2303; baseline 0.008 -21"><span class='ocrx_word' id='word_1_90' title='bbox 140 2223 209 2302; x_wconf 86' lang='lat' dir='ltr'><strong>ejus</strong></span> <span class='ocrx_word' id='word_1_91' title='bbox 232 2241 343 2282; x_wconf 87' lang='lat' dir='ltr'><strong>mensa</strong></span> <span class='ocrx_word' id='word_1_92' title='bbox 364 2221 495 2283; x_wconf 88' lang='lat' dir='ltr'><strong>etiama</strong></span> <span class='ocrx_word' id='word_1_93' title='bbox 518 2221 643 2284; x_wconf 90' lang='lat' dir='ltr'><strong>Lucilio</strong></span> <span class='ocrx_word' id='word_1_94' title='bbox 665 2235 794 2303; x_wconf 84' lang='lat' dir='ltr'><strong>taxatur</strong></span> <span class='ocrx_word' id='word_1_95' title='bbox 805 2223 831 2288; x_wconf 72' lang='lat'><strong>³3.</strong></span> <span class='ocrx_word' id='word_1_96' title='bbox 841 2244 858 2283; x_wconf 88' lang='lat' dir='ltr'><strong>u</strong></span> <span class='ocrx_word' id='word_1_97' title='bbox 906 2222 998 2290; x_wconf 88' lang='lat' dir='ltr'><strong>Hanc</strong></span> <span class='ocrx_word' id='word_1_98' title='bbox 1024 2227 1151 2290; x_wconf 88' lang='lat' dir='ltr'><strong>immo-</strong></span> 
     </span>
     <span class='ocr_line' id='line_1_17' title="bbox 140 2341 1149 2426; baseline 0.006 -24"><span class='ocrx_word' id='word_1_99' title='bbox 140 2343 286 2402; x_wconf 88' lang='lat' dir='ltr'><strong>deratam</strong></span> <span class='ocrx_word' id='word_1_100' title='bbox 315 2341 347 2401; x_wconf 91' lang='lat' dir='ltr'><strong>in</strong></span> <span class='ocrx_word' id='word_1_101' title='bbox 379 2341 512 2402; x_wconf 87' lang='lat' dir='ltr'><strong>homine</strong></span> <span class='ocrx_word' id='word_1_102' title='bbox 530 2341 658 2426; x_wconf 89' lang='lat' dir='ltr'><strong>plebejo</strong></span> <span class='ocrx_word' id='word_1_103' title='bbox 679 2344 880 2425; x_wconf 84' lang='lat' dir='ltr'><strong>opulentiam</strong></span> <span class='ocrx_word' id='word_1_104' title='bbox 905 2356 937 2408; x_wconf 92' lang='lat' dir='ltr'><strong>et</strong></span> <span class='ocrx_word' id='word_1_105' title='bbox 962 2345 1149 2419; x_wconf 82' lang='lat' dir='ltr'><strong>luxuriem,</strong></span> 
     </span>
     <span class='ocr_line' id='line_1_18' title="bbox 140 2453 1150 2533; baseline 0.006 -15"><span class='ocrx_word' id='word_1_106' title='bbox 140 2481 159 2518; x_wconf 89' lang='lat' dir='ltr'><strong>a</strong></span> <span class='ocrx_word' id='word_1_107' title='bbox 177 2453 302 2519; x_wconf 90' lang='lat' dir='ltr'><strong>Lucilio</strong></span> <span class='ocrx_word' id='word_1_108' title='bbox 320 2471 488 2533; x_wconf 85' lang='lat' dir='ltr'><strong>notatam,</strong></span> <span class='ocrx_word' id='word_1_109' title='bbox 512 2459 627 2521; x_wconf 86' lang='lat' dir='ltr'><strong>deinde</strong></span> <span class='ocrx_word' id='word_1_110' title='bbox 641 2460 816 2523; x_wconf 88' lang='lat' dir='ltr'><strong>hominum</strong></span> <span class='ocrx_word' id='word_1_111' title='bbox 838 2461 1015 2523; x_wconf 87' lang='lat' dir='ltr'><strong>memoriae</strong></span> <span class='ocrx_word' id='word_1_112' title='bbox 1033 2465 1150 2524; x_wconf 85' lang='lat' dir='ltr'><strong>adhae-</strong></span> 
     </span>
     <span class='ocr_line' id='line_1_19' title="bbox 140 2574 1152 2657; baseline 0.003 -20"><span class='ocrx_word' id='word_1_113' title='bbox 140 2575 230 2649; x_wconf 88' lang='lat' dir='ltr'><strong>sisse,</strong></span> <span class='ocrx_word' id='word_1_114' title='bbox 264 2596 340 2636; x_wconf 93' lang='lat' dir='ltr'><strong>cum</strong></span> <span class='ocrx_word' id='word_1_115' title='bbox 373 2574 541 2638; x_wconf 88' lang='lat' dir='ltr'><strong>Horatiani</strong></span> <span class='ocrx_word' id='word_1_116' title='bbox 570 2595 679 2638; x_wconf 86' lang='lat' dir='ltr'><strong>versus</strong></span> <span class='ocrx_word' id='word_1_117' title='bbox 696 2575 860 2657; x_wconf 88' lang='lat' dir='ltr'><strong>probant,</strong></span> <span class='ocrx_word' id='word_1_118' title='bbox 897 2589 969 2638; x_wconf 90' lang='lat' dir='ltr'><strong>tum</strong></span> <span class='ocrx_word' id='word_1_119' title='bbox 989 2576 1152 2640; x_wconf 88' lang='lat' dir='ltr'><strong>Ciceronis</strong></span> 
     </span>
     <span class='ocr_line' id='line_1_20' title="bbox 141 2689 1151 2776; baseline 0 -21"><span class='ocrx_word' id='word_1_120' title='bbox 141 2714 180 2755; x_wconf 84' lang='lat' dir='ltr'><strong>ex</strong></span> <span class='ocrx_word' id='word_1_121' title='bbox 201 2693 346 2756; x_wconf 87' lang='lat' dir='ltr'><strong>oratione</strong></span> <span class='ocrx_word' id='word_1_122' title='bbox 365 2696 473 2757; x_wconf 88' lang='lat' dir='ltr'><strong>locus:</strong></span> <span class='ocrx_word' id='word_1_123' title='bbox 507 2717 524 2756; x_wconf 91' lang='grc'>«</span> <span class='ocrx_word' id='word_1_124' title='bbox 537 2691 607 2754; x_wconf 91' lang='lat' dir='ltr'><strong>Non</strong></span> <span class='ocrx_word' id='word_1_125' title='bbox 627 2712 728 2774; x_wconf 85' lang='lat' dir='ltr'><strong>usque</strong></span> <span class='ocrx_word' id='word_1_126' title='bbox 750 2711 788 2754; x_wconf 89' lang='lat' dir='ltr'><strong>eo</strong></span> <span class='ocrx_word' id='word_1_127' title='bbox 806 2705 917 2754; x_wconf 87' lang='lat' dir='ltr'><strong>tamen</strong></span> <span class='ocrx_word' id='word_1_128' title='bbox 933 2693 996 2776; x_wconf 85' lang='lat' dir='ltr'><strong>(res</strong></span> <span class='ocrx_word' id='word_1_129' title='bbox 1010 2689 1151 2776; x_wconf 77' lang='lat' dir='ltr'><strong>veniet),</strong></span> 
     </span>
     <span class='ocr_line' id='line_1_21' title="bbox 142 2807 1152 2890; baseline 0.002 -18"><span class='ocrx_word' id='word_1_130' title='bbox 142 2824 178 2872; x_wconf 88' lang='lat' dir='ltr'><strong>ut</strong></span> <span class='ocrx_word' id='word_1_131' title='bbox 208 2809 375 2889; x_wconf 85' lang='lat' dir='ltr'><strong>incapite</strong></span> <span class='ocrx_word' id='word_1_132' title='bbox 408 2809 612 2890; x_wconf 87' lang='lat' dir='ltr'><strong>fortunisque</strong></span> <span class='ocrx_word' id='word_1_133' title='bbox 646 2807 821 2870; x_wconf 89' lang='lat' dir='ltr'><strong>hominum</strong></span> <span class='ocrx_word' id='word_1_134' title='bbox 853 2809 1152 2874; x_wconf 85' lang='lat' dir='ltr'><strong>honestissimorum</strong></span> 
     </span>
     <span class='ocr_line' id='line_1_22' title="bbox 140 2925 1152 3011; baseline 0.004 -21"><span class='ocrx_word' id='word_1_135' title='bbox 140 2927 352 2990; x_wconf 87' lang='lat' dir='ltr'><strong>dominentur</strong></span> <span class='ocrx_word' id='word_1_136' title='bbox 364 2925 405 3000; x_wconf 93' lang='lat' dir='ltr'><strong>ii,</strong></span> <span class='ocrx_word' id='word_1_137' title='bbox 430 2925 497 3008; x_wconf 92' lang='lat' dir='ltr'><strong>qui,</strong></span> <span class='ocrx_word' id='word_1_138' title='bbox 510 2925 622 2989; x_wconf 82' lang='lat' dir='ltr'><strong>relicta</strong></span> <span class='ocrx_word' id='word_1_139' title='bbox 634 2925 800 2988; x_wconf 88' lang='lat' dir='ltr'><strong>bonorum</strong></span> <span class='ocrx_word' id='word_1_140' title='bbox 814 2925 962 2991; x_wconf 83' lang='lat' dir='ltr'><strong>virorum</strong></span> <span class='ocrx_word' id='word_1_141' title='bbox 974 2925 1152 3011; x_wconf 84' lang='lat' dir='ltr'><strong>disciplina,</strong></span> 
     </span>
     <span class='ocr_line' id='line_1_23' title="bbox 141 3042 1152 3129; baseline 0.008 -23"><span class='ocrx_word' id='word_1_142' title='bbox 141 3058 173 3106; x_wconf 89' lang='lat' dir='ltr'><strong>et</strong></span> <span class='ocrx_word' id='word_1_143' title='bbox 207 3057 379 3124; x_wconf 85' lang='lat' dir='ltr'><strong>quaestum</strong></span> <span class='ocrx_word' id='word_1_144' title='bbox 417 3056 449 3105; x_wconf 85' lang='lat' dir='ltr'><strong>et</strong></span> <span class='ocrx_word' id='word_1_145' title='bbox 478 3056 627 3106; x_wconf 82' lang='lat' dir='ltr'><strong>sumtum</strong></span> <span class='ocrx_word' id='word_1_146' title='bbox 655 3042 796 3106; x_wconf 90' lang='lat' dir='ltr'><strong>Gallonii</strong></span> <span class='ocrx_word' id='word_1_147' title='bbox 826 3045 918 3129; x_wconf 88' lang='lat' dir='ltr'><strong>sequi</strong></span> <span class='ocrx_word' id='word_1_148' title='bbox 944 3050 1152 3128; x_wconf 88' lang='lat' dir='ltr'><strong>maluerunt,</strong></span> 
     </span>
    </p>
   </div>
   <div class='ocr_carea' id='block_1_3' title="bbox 136 3160 1154 3364">
    <p class='ocr_par' dir='ltr' id='par_1_4' title="bbox 136 3160 1154 3364">
     <span class='ocr_line' id='line_1_24' title="bbox 142 3160 1154 3244; baseline 0.009 -20"><span class='ocrx_word' id='word_1_149' title='bbox 142 3175 240 3244; x_wconf 85' lang='lat' dir='ltr'><strong>atquc</strong></span> <span class='ocrx_word' id='word_1_150' title='bbox 274 3161 396 3236; x_wconf 91' lang='lat' dir='ltr'><strong>etiam,</strong></span> <span class='ocrx_word' id='word_1_151' title='bbox 429 3160 517 3244; x_wconf 86' lang='lat' dir='ltr'><strong>quod</strong></span> <span class='ocrx_word' id='word_1_152' title='bbox 546 3161 660 3224; x_wconf 75' lang='lat' dir='ltr'><strong>inillo</strong></span> <span class='ocrx_word' id='word_1_153' title='bbox 692 3163 869 3238; x_wconf 85' lang='lat' dir='ltr'><strong>nonfuit,</strong></span> <span class='ocrx_word' id='word_1_154' title='bbox 906 3183 983 3228; x_wconf 90' lang='lat' dir='ltr'><strong>cum</strong></span> <span class='ocrx_word' id='word_1_155' title='bbox 1020 3169 1154 3233; x_wconf 87' lang='lat' dir='ltr'><strong>audacia</strong></span> 
     </span>
     <span class='ocr_line' id='line_1_25' title="bbox 136 3259 1153 3364; baseline 0.008 -24"><span class='ocrx_word' id='word_1_156' title='bbox 136 3277 342 3361; x_wconf 83' lang='lat' dir='ltr'><strong>perfidiaque</strong></span> <span class='ocrx_word' id='word_1_157' title='bbox 375 3278 529 3342; x_wconf 85' lang='lat' dir='ltr'><strong>vixerunt·</strong></span> <span class='ocrx_word' id='word_1_158' title='bbox 539 3276 567 3342; x_wconf 69' lang='lat'><strong>4.</strong></span> <span class='ocrx_word' id='word_1_159' title='bbox 582 3298 599 3337; x_wconf 88' lang='lat' dir='ltr'><strong>u</strong></span> <span class='ocrx_word' id='word_1_160' title='bbox 648 3279 763 3362; x_wconf 90' lang='lat' dir='ltr'><strong>ltaque</strong></span> <span class='ocrx_word' id='word_1_161' title='bbox 797 3282 955 3364; x_wconf 80' lang='lat' dir='ltr'><strong>quamvis</strong></span> <span class='ocrx_word' id='word_1_162' title='bbox 971 3259 1153 3348; x_wconf 76' lang='lat' dir='ltr'><strong>luxuriosus</strong></span> 
     </span>
    </p>
   </div>
   <div class='ocr_carea' id='block_1_4' title="bbox 153 3457 431 3469">
    <p class='ocr_par' dir='ltr' id='par_1_5' title="bbox 153 3457 431 3469">
     <span class='ocr_line' id='line_1_26' title="bbox 153 3457 431 3469; baseline 0.014 -4"><span class='ocrx_word' id='word_1_163' title='bbox 153 3457 431 3469; x_wconf 48' lang='lat' dir='ltr'><strong>s--am--m--a-...ffl-—a</strong></span> 
     </span>
    </p>
   </div>
   <div class='ocr_carea' id='block_1_5' title="bbox 143 3509 1155 4175">
    <p class='ocr_par' dir='ltr' id='par_1_6' title="bbox 143 3509 1151 3683">
     <span class='ocr_line' id='line_1_27' title="bbox 178 3509 1151 3600; baseline 0.011 -23"><span class='ocrx_word' id='word_1_164' title='bbox 178 3545 187 3577; x_wconf 84' lang='grc' dir='ltr'><strong>ι</strong></span> <span class='ocrx_word' id='word_1_165' title='bbox 227 3531 383 3581; x_wconf 82' lang='lat' dir='ltr'><strong>Maerob.</strong></span> <span class='ocrx_word' id='word_1_166' title='bbox 413 3529 453 3592; x_wconf 74' lang='lat' dir='ltr'><strong>ll,</strong></span> <span class='ocrx_word' id='word_1_167' title='bbox 477 3549 503 3600; x_wconf 83' lang='lat'><strong>9.</strong></span> <span class='ocrx_word' id='word_1_168' title='bbox 534 3533 627 3583; x_wconf 77' lang='lat' dir='ltr'><strong>Ptin.</strong></span> <span class='ocrx_word' id='word_1_169' title='bbox 647 3535 682 3585; x_wconf 78' lang='lat' dir='ltr'><strong>H.</strong></span> <span class='ocrx_word' id='word_1_170' title='bbox 703 3535 738 3584; x_wconf 87' lang='lat' dir='ltr'><strong>N.</strong></span> <span class='ocrx_word' id='word_1_171' title='bbox 763 3509 835 3593; x_wconf 81' lang='lat' dir='ltr'><strong>Vll,</strong></span> <span class='ocrx_word' id='word_1_172' title='bbox 857 3529 903 3586; x_wconf 68' lang='lat' dir='ltr'><strong>li:</strong></span> <span class='ocrx_word' id='word_1_173' title='bbox 931 3535 1055 3588; x_wconf 67' lang='lat' dir='ltr'><strong>leven.</strong></span> <span class='ocrx_word' id='word_1_174' title='bbox 1089 3540 1151 3594; x_wconf 69' lang='lat' dir='ltr'><strong>Seu.</strong></span> 
     </span>
     <span class='ocr_line' id='line_1_28' title="bbox 143 3622 281 3683; baseline -0.029 -8"><span class='ocrx_word' id='word_1_175' title='bbox 143 3622 198 3683; x_wconf 86' lang='lat' dir='ltr'><strong>Vl,</strong></span> <span class='ocrx_word' id='word_1_176' title='bbox 222 3625 281 3677; x_wconf 79' lang='lat'>266.</span> 
     </span>
    </p>

    <p class='ocr_par' dir='ltr' id='par_1_7' title="bbox 178 3719 470 3791">
     <span class='ocr_line' id='line_1_29' title="bbox 178 3719 470 3791; baseline 0.014 -21"><span class='ocrx_word' id='word_1_177' title='bbox 178 3739 193 3770; x_wconf 87' lang='lat'>2</span> <span class='ocrx_word' id='word_1_178' title='bbox 232 3723 294 3770; x_wconf 63' lang='lat' dir='ltr'><strong>Sri-</strong></span> <span class='ocrx_word' id='word_1_179' title='bbox 317 3719 357 3788; x_wconf 72' lang='lat' dir='ltr'><strong>ii,</strong></span> <span class='ocrx_word' id='word_1_180' title='bbox 378 3741 404 3782; x_wconf 85' lang='lat'><strong>2,</strong></span> <span class='ocrx_word' id='word_1_181' title='bbox 424 3723 470 3791; x_wconf 70' lang='grc'><strong>47,</strong></span> 
     </span>
    </p>

    <p class='ocr_par' dir='ltr' id='par_1_8' title="bbox 143 3808 1155 4087">
     <span class='ocr_line' id='line_1_30' title="bbox 175 3808 1155 3895; baseline 0.009 -29"><span class='ocrx_word' id='word_1_182' title='bbox 175 3818 192 3866; x_wconf 84' lang='grc'>5</span> <span class='ocrx_word' id='word_1_183' title='bbox 228 3819 358 3870; x_wconf 82' lang='lat' dir='ltr'><strong>Comm.</strong></span> <span class='ocrx_word' id='word_1_184' title='bbox 389 3820 471 3888; x_wconf 78' lang='lat' dir='ltr'><strong>Cruq.</strong></span> <span class='ocrx_word' id='word_1_185' title='bbox 499 3808 1155 3895; x_wconf 49' lang='lat' dir='ltr'><strong>p3417n.Machir&#39;ingpulaliupraen</strong></span> 
     </span>
     <span class='ocr_line' id='line_1_31' title="bbox 143 3914 1155 3980; baseline 0.006 -17"><span class='ocrx_word' id='word_1_186' title='bbox 143 3914 295 3964; x_wconf 85' lang='lat' dir='ltr'><strong>cunibus</strong></span> <span class='ocrx_word' id='word_1_187' title='bbox 313 3915 430 3979; x_wconf 86' lang='lat' dir='ltr'><strong>primum</strong></span> <span class='ocrx_word' id='word_1_188' title='bbox 448 3914 602 3980; x_wconf 77' lang='lat' dir='ltr'><strong>scipenssre</strong></span> <span class='ocrx_word' id='word_1_189' title='bbox 622 3935 697 3969; x_wconf 81' lang='lat' dir='ltr'><strong>usum</strong></span> <span class='ocrx_word' id='word_1_190' title='bbox 721 3933 789 3978; x_wconf 81' lang='lat' dir='ltr'><strong>osse,</strong></span> <span class='ocrx_word' id='word_1_191' title='bbox 817 3935 880 3971; x_wconf 87' lang='lat' dir='ltr'><strong>cnm</strong></span> <span class='ocrx_word' id='word_1_192' title='bbox 903 3922 1014 3974; x_wconf 86' lang='lat' dir='ltr'><strong>omuino</strong></span> <span class='ocrx_word' id='word_1_193' title='bbox 1035 3923 1155 3975; x_wconf 82' lang='lat' dir='ltr'><strong>Romo.</strong></span> 
     </span>
     <span class='ocr_line' id='line_1_32' title="bbox 144 4004 955 4087; baseline 0.015 -29"><span class='ocrx_word' id='word_1_194' title='bbox 144 4024 264 4061; x_wconf 87' lang='lat' dir='ltr'><strong>uorum</strong></span> <span class='ocrx_word' id='word_1_195' title='bbox 283 4011 386 4075; x_wconf 84' lang='lat' dir='ltr'><strong>primus</strong></span> <span class='ocrx_word' id='word_1_196' title='bbox 401 4019 508 4061; x_wconf 85' lang='lat' dir='ltr'><strong>mensae</strong></span> <span class='ocrx_word' id='word_1_197' title='bbox 526 4013 680 4078; x_wconf 83' lang='lat' dir='ltr'><strong>apposuisse</strong></span> <span class='ocrx_word' id='word_1_198' title='bbox 699 4004 892 4087; x_wconf 77' lang='lat' dir='ltr'><strong>erislimmdus</strong></span> <span class='ocrx_word' id='word_1_199' title='bbox 909 4017 955 4071; x_wconf 80' lang='lat' dir='ltr'><strong>sit.</strong></span> 
     </span>
    </p>

    <p class='ocr_par' dir='ltr' id='par_1_9' title="bbox 176 4107 545 4175">
     <span class='ocr_line' id='line_1_33' title="bbox 176 4107 545 4175; baseline 0.011 -20"><span class='ocrx_word' id='word_1_200' title='bbox 176 4107 194 4159; x_wconf 73' lang='grc'>4</span> <span class='ocrx_word' id='word_1_201' title='bbox 229 4109 287 4156; x_wconf 87' lang='lat' dir='ltr'><strong>Pro</strong></span> <span class='ocrx_word' id='word_1_202' title='bbox 317 4107 478 4174; x_wconf 63' lang='lat' dir='ltr'><strong>Qninhsso,</strong></span> <span class='ocrx_word' id='word_1_203' title='bbox 501 4107 545 4175; x_wconf 74' lang='lat'><strong>94.</strong></span> 
     </span>
    </p>
   </div>
   <div class='ocr_carea' id='block_1_6' title="bbox 628 4242 690 4301">
    <p class='ocr_par' dir='ltr' id='par_1_10' title="bbox 628 4242 690 4301">
     <span class='ocr_line' id='line_1_34' title="bbox 628 4242 690 4301; baseline 0.016 -1"><span class='ocrx_word' id='word_1_204' title='bbox 628 4242 690 4301; x_wconf 75' lang='lat'><strong>15*</strong></span> 
     </span>
    </p>
   </div>
   <div class='ocr_carea' id='block_1_7' title="bbox 0 0 1306 4756">
    <p class='ocr_par' dir='ltr' id='par_1_11' title="bbox 0 0 1306 4756">
     <span class='ocr_line' id='line_1_35' title="bbox 0 0 1306 4756; baseline 0 0"><span class='ocrx_word' id='word_1_205' title='bbox 0 0 1306 4756; x_wconf 95' lang='lat' dir='ltr'><strong> </strong></span> 
     </span>
    </p>
   </div>
  </div>
 </body>
</html>
