2580 4756
617 359 680 419 174

141 556 311 601 causarum
337 554 478 617 genera,
500 546 582 615 quot
611 532 816 608 dictionum,
852 536 931 617 quid
968 537 1010 600 sit
1031 560 1146 623 genus,

139 655 220 738 quid
242 651 382 735 species,
406 651 592 733 oppositum
612 672 631 712 a
653 647 818 713 contrario
833 651 953 734 quibus
974 654 1149 721 rationibus

138 767 384 854 distinguatur?
408 767 525 833 iccirco
543 786 597 829 vos
618 765 828 835 arbitramini
849 768 931 833 scire
950 772 1031 854 quid
1042 771 1084 835 sit
1096 776 1147 837 sal·

137 910 234 964 sum,
252 889 336 972 quid
347 909 464 952 verum
478 931 487 959 ‚
506 886 587 969 quid
598 885 671 949 fieri
683 885 782 968 possit
793 899 851 951 aut
862 908 930 952 non
938 890 1058 971 possit,
1071 911 1147 975 quae

140 1008 286 1070 imorum
298 1025 575 1086 summorumque
594 1017 713 1067 natura
728 1002 809 1067 sit?¹
825 1024 843 1064 n
868 1006 918 1070 Ex
937 1009 1002 1070 hoo
1013 1004 1144 1073 Arnobii

140 1127 211 1186 loco
231 1121 358 1185 nonnisi
383 1119 483 1184 verba
499 1119 555 1183 illa
567 1122 652 1204 quin
663 1119 845 1185 Fornicam
856 1121 1088 1189 Lucilianum
1107 1161 1145 1174 -

140 1243 264 1305 tenetis
285 1241 374 1322 apud
396 1238 539 1303 Dousam
563 1258 596 1319 p.
624 1238 664 1301 19
680 1250 817 1303 exstant.
840 1239 912 1303 Non
936 1242 1079 1307 attendit
1096 1257 1145 1307 aut

135 1359 192 1421 ille
210 1370 268 1420 aut
285 1355 461 1439 quisquam
483 1354 583 1429 alius,
605 1351 742 1438 quidex
767 1355 904 1433 ceteris,
927 1378 1145 1442 quaepraeoe·

135 1476 226 1537 dunt
242 1473 297 1536 illa
317 1472 437 1547 verba,
460 1472 624 1536 commodi
645 1472 716 1555 capi
733 1473 840 1554 possit.
866 1471 1083 1541 Manifestum
1093 1497 1141 1540 au-

131 1602 209 1653 -tem
226 1603 273 1652 est
283 1589 345 1653 loci
362 1588 601 1653 cohaerentiam
621 1602 709 1652 recte
725 1590 982 1669 attendentibus,
1007 1591 1143 1657 Forsi-

139 1729 220 1771 aom
240 1707 358 1771 Lucilii
382 1707 507 1769 librum
520 1705 640 1780 fnisse,
665 1727 732 1788 quo
751 1707 971 1788 disputaretur
996 1711 1038 1773 de
1049 1709 1143 1785 verbis

129 1839 172 1890 at
191 1823 378 1889 nominibus
402 1845 460 1905 per
477 1844 564 1889 casus
583 1835 616 1885 ct
633 1836 783 1906 tempora
801 1825 1018 1902 declinandis,
1041 1830 1145 1892 devo·

140 1942 231 2007 cibus
252 1941 398 2005 barbaris
428 1954 461 2005 et
485 1941 678 2005 soloecismis
702 1941 861 2018 vitandis,
884 1945 925 2005 de
949 1956 1039 2008 recte
1060 1965 1144 2009 com-

138 2062 291 2145 ponendo
322 2080 491 2133 sermone,
527 2071 561 2122 et
595 2055 802 2141 incompositi
838 2059 919 2123 vitiis
956 2062 1143 2149 detegendis.

140 2177 254 2262 Quum
272 2175 372 2261 igitur
394 2189 535 2250 constet,
557 2195 644 2237 nono
666 2175 752 2238 libro
776 2177 818 2239 de
840 2177 1079 2244 vocabulorum
1098 2182 1143 2243 de

140 2295 310 2361 clinatione
341 2307 554 2377 praeceptum
584 2293 697 2367 fuisse,
729 2294 858 2357 hauda
887 2315 966 2358 vero
989 2296 1144 2360 manabi-

139 2436 240 2491 mus„
256 2411 497 2485 existimantes,
520 2420 649 2483 cetera,
679 2429 761 2492 quae
775 2407 838 2474 ¹hic
859 2427 1047 2477 memorata
1066 2414 1143 2479 vide

140 2556 233 2609 mus,
265 2534 407 2596 cundem
437 2527 498 2592 sibi
520 2530 608 2589 hunc
629 2529 740 2592 locum
759 2527 933 2593 vindicare.
980 2528 1144 2614 Quaproo

139 2667 189 2715 ter
219 2652 377 2714 nonnulla
399 2651 586 2732 fragmenta
604 2646 671 2708 huc
696 2645 811 2707 referri
832 2647 1009 2728 oportebit.
1055 2649 1145 2716 Velut

139 2772 230 2852 quod
258 2777 393 2831 sentum
406 2788 534 2854 genera
556 2764 835 2834 soloecismorum
858 2765 973 2831 dixisse
996 2768 1144 2842 traditur,

119 2905 220 2968 *quos
237 2903 350 2948 omnes
374 2882 477 2949 vitare
501 2883 609 2966 potius
633 2903 735 2965 quam
757 2883 849 2966 sequi
876 2883 996 2960 debet,
1025 2885 1144 2969 qui-ra-

120 3003 252 3087 .gulam
275 3012 362 3064 recte
386 3000 540 3082 loquendi
560 3001 689 3063 studeat
706 3013 815 3064 tenere
828 2999 855 3066 2.
901 3000 1072 3068 Praeterea
1088 3005 1147 3067 huc

138 3116 255 3181 referri
279 3137 373 3199 posse
406 3115 536 3181 videtur
568 3115 672 3181 illud:
698 3115 819 3201 «Quae
851 3119 952 3183 verba
974 3119 1080 3205 magis
1099 3139 1144 3183 so

137 3236 250 3305 anicia
271 3235 352 3312 sint,
376 3256 413 3298 ea
435 3233 543 3317 potius
561 3236 764 3313 collocemus,
778 3235 1146 3320 quacLuciliusnlamoe

136 3359 297 3440 appellat,
320 3355 342 3421 i.
362 3377 391 3419 e.
408 3353 694 3421 suavivocaliass.»
740 3355 848 3422 Etiam
873 3359 914 3420 dc
934 3356 1146 3433 schematibus

137 3475 297 3541 monuisse
317 3476 440 3538 fertur:
466 3471 547 3538 «Ut
565 3471 611 3535 ait
624 3469 787 3547 Lucilius,
811 3473 1083 3539 bonumeam
1093 3484 1147 3547 ut,

170 3803 183 3840 1
219 3782 587 3856 Ado.omts.‚111,.447.

169 3902 186 3937 a
219 3879 323 3935 In‘a.
340 3878 527 3937 omnm.

167 3976 186 4031 5
223 3976 237 4016 ¹
512 3960 953 4051 &silescentem-calis
981 3996 1004 4034 s.
1033 3971 1148 4048 qnasi

156 4066 163 4077 ⁴
537 4070 715 4133 “uocalis
731 4076 849 4129 Barth
866 4077 937 4131 Am.
957 4074 1056 4137 xm,
1075 4096 1102 4139 ρ.
