2580 4756
535 392 591 453 151

45 570 101 633 des
124 567 297 633 Lucilianis
329 569 549 632 conferentem
571 564 731 640 vidimus,
767 564 853 628 unde
872 566 945 628 satis
970 564 1062 628 intol-

47 687 177 772 ligitur,
200 687 230 749 ei
251 675 338 749 haud
359 686 484 770 ignotas
501 685 597 767 hujus
616 683 728 746 satiras
749 681 861 753 luisse,
885 703 985 766 quem
1010 704 1062 746 ae-

48 806 193 867 mulatus
216 805 297 866 adeo
319 803 403 866 ost1.
428 800 497 864 Hac
521 801 622 886 igitur
642 800 732 863 omni
757 811 860 863 aetate
882 799 958 863 satis
975 813 1064 863 certo

50 922 206 985 affirmari
237 933 365 1003 potest,
400 919 519 982 Lucilii
543 918 656 1000 poesin
689 929 812 980 exstare
841 936 908 981 non
930 917 1066 983 desiisse.
1143 998 1148 1006 .

52 1038 232 1122 Scriptores
244 1050 355 1102 autem
370 1082 379 1113 ,
404 1057 485 1124 quos
501 1035 780 1110 memoravimus,
799 1048 941 1120 quatuor
953 1036 1067 1118 primis

53 1155 154 1221 ach.
174 1157 287 1220 seculis
308 1157 501 1219 floruerunt.
527 1152 635 1218 Secuti
656 1166 732 1217 sunt
751 1174 803 1217 eos
815 1153 1022 1239 grammatici
1037 1167 1069 1215 et

53 1276 216 1350 rhetores,
238 1274 272 1337 in
283 1294 428 1356 quorum
440 1270 566 1354 scriptis
578 1271 723 1334 maxima
736 1272 963 1354 exemplorum
977 1271 1070 1354 copia

56 1404 88 1455 et
117 1389 255 1456 varietas
275 1389 442 1455 e'Lueilio
466 1392 639 1473 depromta
661 1401 717 1453 est.
763 1387 830 1453 Nec
850 1402 963 1453 tamen
985 1389 1070 1474 quis-

55 1526 158 1592 quam
192 1522 308 1572 eorum
344 1507 461 1572 diserte
486 1528 627 1592 usquam
648 1507 807 1583 ostendit,
832 1509 899 1591 ejus
924 1508 1071 1570 carmina

55 1629 107 1691 vel
136 1626 257 1709 partim
293 1628 345 1690 vel
370 1625 497 1711 integra
523 1647 581 1690 sua
601 1634 706 1690 aetate
726 1632 898 1709 superesse.
944 1625 1072 1690 Verum

54 1743 240 1825 irationem,
270 1763 337 1826 qua
369 1757 478 1808 versus
509 1755 543 1806 et
580 1742 739 1807 vocabula
773 1747 890 1826 positae
916 1745 1071 1817 laudant,

56 1861 313 1936 oonsiderantcs,
356 1861 448 1924 facile
488 1859 581 1922 nobis
616 1862 870 1942 persuademus,
905 1860 1071 1946 integrum

57 1998 140 2061 opus
161 1999 214 2042 eos
240 1977 433 2059 excerpendi
453 1976 549 2041 causis
574 1975 697 2041 adiisse.
744 1974 841 2060 Quod
866 1979 1014 2060 quamvis
1036 1981 1075 2040 do

28 2110 230 2185 ,postremo
261 2115 377 2159 eorum
405 2093 583 2181 Isidoro,
624 2093 682 2178 qui
705 2092 837 2158 decessit
860 2117 889 2158 a.
912 2096 999 2170 636,
1024 2098 1077 2158 af-

57 2215 189 2280 firmari
207 2235 274 2276 non
292 2213 410 2296 possit,
432 2214 568 2298 quinon
580 2213 640 2278 nisi
653 2235 786 2296 perraro
804 2213 921 2276 Lucilii
934 2215 1079 2277 montio·

59 2355 138 2398 nem
165 2331 242 2394 lecit
255 2330 415 2416 &tamen
434 2334 474 2395 de
496 2331 700 2397 Prisciano
721 2332 962 2416 aliisque-ualet.
987 2333 1079 2396 Tan-

64 2544 345 2556 ‚..-...-.-.--.-.---.

101 2693 112 2728 t
154 2675 222 2742 Sup.
241 2693 269 2742 p.
294 2675 437 2747 115,129·

100 2789 116 2826 2
153 2771 227 2824 Loca
246 2772 312 2824 haec
329 2773 523 2824 inveniuntur:
546 2769 626 2842 Orig,
644 2773 729 2836 1,32,
743 2771 770 2824 5.
790 2771 874 2822 Fiunt
890 2770 1041 2824 soloecismi
1054 2780 1082 2822 cl

65 2869 192 2936 plurimis
218 2869 317 2920 modis.
354 2866 426 2920 Nam
451 2867 578 2920 hircinus
605 2873 713 2920 centnm
736 2864 833 2936 genera
858 2866 1082 2921 soloecismorum

66 2966 140 3017 dixit
159 2967 225 3038 (inc.
244 2965 280 3017 sr.
300 2973 376 3032 121).
396 2962 581 3029 -1,>35,5.
617 2962 733 3034 Zeugma
750 2992 782 3008 ···
802 2966 835 3016 lit
851 2965 878 3015 in
898 2967 1005 3032 primo,
1032 2975 1080 3017 ut:

72 3064 208 3117 Vertitur
227 3051 395 3132 oenophoris
406 3063 531 3133 fundar,
550 3063 695 3114 sententia
717 3063 796 3115 nobis
815 3056 922 3132 (fragm.
945 3040 1008 3126 lll,
1023 3066 1082 3134 29).

68 3161 102 3213 ln
118 3159 232 3222 medio,
253 3165 297 3210 ult
333 3161 454 3212 Graecia
475 3158 605 3229 Sulpicio
632 3169 708 3211 sorte
735 3162 828 3224 dard,
863 3160 961 3214 Gallia
983 3166 1085 3216 Cottae

67 3257 141 3326 (inc.
159 3256 195 3308 sr.
216 3257 291 3324 188).
303 3283 333 3296 ·-
347 3253 427 3324 (XX,
446 3257 474 3317 6,
495 3271 520 3308 1·
550 3254 749 3323 oenophorum
766 3256 920 3311 ratleicus
937 3259 1031 3311 vinum
1048 3288 1084 3301 ·-

68 3355 104 3405 de
127 3370 182 3423 quo
206 3360 248 3405 est
264 3352 356 3405 illud:
392 3355 527 3407 Vertll‘irr
544 3353 713 3424 oenophoris
719 3354 849 3426 fundos,
867 3359 1010 3408 sententia
1030 3375 1086 3407 no·

65 3450 135 3518 tis).
152 3475 192 3492 ···
211 3449 280 3514 XV,
300 3451 338 3515 8,
358 3450 385 3504 6.
422 3447 575 3518 Loquentis
596 3456 681 3515 suut,
702 3469 771 3520 quae
789 3470 922 3504 cameram
940 3453 1086 3519 subtegunt

67 3554 96 3598 et
114 3553 235 3611 ornant,
261 3564 330 3615 quoe
348 3553 377 3597 ct
394 3545 530 3598 lacunaria
549 3546 687 3599 dicuntur.
723 3546 1025 3622 Principalitcrsulem
1043 3539 1091 3599 la-⁴

68 3658 117 3696 cus
128 3643 242 3706 dicitur,
264 3649 295 3694 ut
310 3642 414 3694 Lucius
427 3641 460 3710 (Ι.
472 3640 622 3712 Lucilius):
635 3643 793 3695 Resultant
802 3646 942 3715 aedesque
953 3646 1089 3718 locusque
1102 3632 1114 3648 ⁸

71 3739 141 3811 (ine.
166 3739 363 3810 fr.139)·Cf.
388 3739 595 3803 xlll,12.-
624 3730 842 3803 th',l,10.
877 3741 1087 3810 Cataprorutcs,

68 3838 143 3888 lint-a
171 3854 234 3890 cum
250 3853 335 3890 marsa
353 3835 502 3903 plumbea,
526 3855 578 3906 qua
596 3833 679 3889 maris
696 3834 816 3890 altitudo
835 3845 964 3894 tentatur.
1001 3841 1092 3894 Luci·

69 3936 144 3987 liust
177 3940 242 3989 Huc
268 3944 480 4005 cataproratem
504 3954 583 4005 puerv
602 3934 696 3986 eodem
720 3935 832 4006 (laeserat
848 3946 965 3988 unctum
983 3963 1020 3982 ·-
1043 3939 1096 4002 (ir.

70 4037 128 4086 inc.
159 4037 215 4103 ιι),.
235 4060 266 4072 -
285 4033 380 4096 ΧΙΧ,
400 4053 438 4102 7,
459 4053 485 4088 2.
519 4032 628 4085 Marcus
654 4030 768 4084 malleus
790 4035 934 4101 major-
950 4035 1091 4088 Marculus
1112 4086 1116 4095 ,

72 4129 187 4183 ursilleus
216 4129 340 4197 pusillus.
377 4129 520 4182 Lucilius:
543 4133 583 4180 Et
604 4129 681 4182 sulot
697 4131 727 4182 in
736 4129 883 4198 fabricam
893 4135 1011 4202 ferreus
1029 4150 1088 4184 cum
