2580 4756
696 289 757 350 160

216 466 272 534 ab
288 468 335 532 his
354 465 467 533 veteris
487 465 671 528 comoediae
689 463 890 548 principibus
908 467 1051 548 pendere
1065 463 1231 530 Lucilium

217 607 335 670 eosque
361 596 511 648 secutum
545 604 610 646 esse
630 585 781 658 tradens,
803 584 945 649 declarat
962 583 1051 647 idem
1070 604 1152 647 eum
1172 582 1230 648 sibi

143 792 148 800 Ι
217 703 417 788 proposuisse
433 700 625 777 scribendo,
645 704 734 787 quod
750 702 829 765 olim
852 702 913 766 illis
933 701 1120 785 placuisset.
1144 700 1228 767 Om-

215 844 292 885 nem
315 821 360 883 illi
382 841 516 882 morum
540 818 751 901 publicorum
775 819 883 883 labem
904 832 937 884 et
949 820 1224 903 depravationem,

215 939 385 1003 illiberalia
413 951 512 1023 atque
538 937 708 1000 inhonesta
724 937 935 1021 popularium
961 939 1088 1015 studia,
1114 960 1223 1022 pravas

214 1039 475 1132 consuetudines,
502 1066 608 1120 cetera
632 1055 707 1119 vitia
727 1055 838 1120 omnia
861 1056 1221 1140 antiquaevirtuticon-

213 1173 315 1240 traria
334 1175 544 1238 vehementer
562 1171 670 1248 exosi,
704 1174 857 1236 audacter
881 1172 941 1249 iis,
964 1173 1021 1256 qui
1043 1171 1096 1238 his
1116 1174 1218 1239 infecti

213 1293 297 1358 vitiis
328 1289 517 1378 gravissima
549 1289 671 1354 civitati
704 1292 792 1353 mala
824 1289 1057 1367 minabantur,
1079 1291 1218 1356 resistere

212 1408 319 1474 conati
338 1411 490 1480 fuerant,
508 1427 616 1489 neque
638 1428 750 1471 amara
768 1419 897 1473 tantum
916 1410 972 1472 sed
991 1409 1094 1472 etiam
1118 1407 1215 1492 lepida

211 1527 389 1609 festivaque
424 1523 582 1587 derisione
613 1526 759 1588 scelestos
795 1546 833 1588 ao
854 1524 1051 1590 facinorosos
1073 1525 1156 1592 cives
1173 1526 1211 1591 ri·

210 1643 311 1710 diculi
333 1642 438 1727 specie
460 1655 560 1706 tactos
578 1655 610 1707 et
630 1642 788 1720 obrutos,
812 1664 850 1707 ae
871 1646 996 1725 pudore
1021 1646 1158 1710 suffusos
1178 1646 1212 1710 ed

209 1763 379 1826 meliorem
401 1764 534 1849 frugem
548 1761 699 1846 vitaeque
723 1762 926 1826 honestatem
950 1765 1212 1829 revocandosessc

208 1892 409 1945 censuerant.
467 1878 595 1944 Horum
632 1879 734 1965 igitur
765 1883 917 1962 exemplo
944 1882 1046 1945 frctus
1079 1879 1211 1945 Lucilius

206 2021 282 2064 suae
314 1999 426 2063 aetatis
463 1997 643 2063 commodis
674 1996 858 2080 prospicere
879 2009 912 2062 et
936 1998 1061 2061 mederi
1086 2019 1209 2063 morum

207 2117 410 2198 corruptelae
437 2115 598 2180 studebat.
644 2115 693 2179 Ae
722 2115 957 2197 tempestivum
988 2115 1126 2200 quidem
1156 2118 1210 2181 hoo

205 2232 273 2315 ejus
287 2231 458 2294 consilium
471 2229 566 2294 fuisse
580 2274 589 2307 ,
614 2230 757 2295 conditio
770 2232 907 2296 civitatis
926 2231 1118 2311 Romanae,
1139 2255 1209 2318 qua-

204 2351 271 2413 lem
284 2347 395 2432 paucis
406 2347 686 2424 adumbravimus,
701 2348 831 2413 abunde
855 2349 1007 2431 probatl.
1037 2348 1209 2437 Praegnans

203 2479 274 2531 erat
303 2477 389 2530 aetas
418 2466 494 2542 illa,
529 2487 595 2550 qua
623 2463 759 2543 floruit,
793 2466 1018 2531 maximorum
1041 2467 1209 2544 vitiorum;

200 2588 324 2651 horum
353 2584 477 2668 partim
508 2585 632 2649 semina
657 2584 824 2661 latebant,
860 2583 983 2669 partim
1009 2585 1210 2668 pullulabant

200 2705 269 2788 jam
314 2717 347 2768 et
378 2705 520 2787 dispersa
556 2703 652 2767 latius
690 2703 898 2782 crescebant3
932 2704 1013 2780 alia,
1056 2698 1210 2770 maturius

199 2822 347 2894 invecta,
385 2820 506 2886 diutius
535 2821 797 2902 inveteraverant
821 2844 859 2886 ao
887 2819 1082 2907 regnabant.
1129 2821 1210 2888 Haeo

199 2938 313 3004 omnia
340 2960 360 3003 a
392 2958 496 3022 puero
529 2939 605 3002 inde
626 2939 771 3004 Lucilius
794 2939 828 3003 in
848 2937 1007 3024 Scipionis
1024 2941 1136 3006 eastris
1160 2962 1211 3006 oe·

199 3059 287 3123 culte
319 3055 500 3121 oborientia
530 3056 675 3134 viderat,
710 3070 809 3143 atque
833 3057 1019 3145 indignatus
1041 3080 1211 3147 generosus

199 3176 400 3249 adolescens,
434 3195 518 3258 quae
535 3174 696 3254 viderat,
714 3174 874 3242 ‘audierat
899 3180 1061 3262 pleneque
1083 3200 1212 3265 perspe-

197 3305 307 3370 xerat,
325 3289 470 3379 graviter
489 3292 706 3380 perstringere
718 3306 751 3359 et
762 3298 927 3360 denudare
939 3297 1091 3389 instituit.
1116 3296 1212 3363 Haud

197 3410 286 3477 aliud
314 3412 415 3499 igitur
446 3410 607 3476 scribendi
631 3413 801 3478 consilium
823 3415 903 3492 fuit3
938 3413 995 3478 bic
1019 3417 1117 3490 sons,
1134 3419 1213 3481 baec

197 3530 356 3607 materia,
375 3552 459 3616 quae
475 3531 682 3595 haurientem
695 3532 834 3597 delicere
855 3554 924 3597 non
947 3546 1097 3616 poterat,
1111 3556 1210 3621 quae·

196 3670 260 3734 que
295 3670 361 3713 una
392 3649 536 3713 maxime
565 3651 681 3713 decora
704 3663 774 3714 erat
809 3664 907 3736 atque
941 3654 1211 3731 accommodata,

197 3768 231 3832 in
260 3789 327 3851 qua
347 3764 471 3852 ingenii
500 3768 668 3833 facultates
692 3766 796 3834 libere
820 3768 1072 3853 periclitaretur.
1122 3772 1216 3861 Age·

196 3945 474 3958 —————-—·-·—-

227 4069 240 4107 ι
279 4069 306 4120 r·
326 4071 359 4122 70
380 4070 441 4122 ur·
