2580 4756
173 1058 309 1147 nunu
330 1056 496 1124 uocum
515 1057 746 1125 uncrinus
771 1060 823 1125 m
852 1059 1061 1128 surmus:

319 1166 674 1235 somaronmus
706 1167 909 1235 susurra

170 1785 343 1884 Sauram,
361 1830 445 1895 quae
464 1807 573 1871 mixto
603 1812 796 1890 poematum
818 1821 850 1872 et
863 1808 1048 1910 carminum
1066 1828 1128 1894 ge·

115 1946 193 1993 nere
212 1928 374 1992 Graecam
399 1927 561 2013 originem
582 1927 773 2009 prodidisset
793 1939 826 1990 et
846 1926 991 1989 Ennium
1013 1939 1125 1989 aucto·

116 2052 187 2110 r'em
207 2046 385 2121 habuisset,
405 2043 579 2127 proprium
599 2043 767 2107 Romanae
791 2049 921 2126 poc'seos
945 2064 1047 2130 genus
1059 2045 1125 2107 sac-

115 2176 189 2226 tum
212 2169 275 2226 esse
299 2161 432 2225 Graecis
454 2161 617 2225 intactum
641 2173 674 2224 et
697 2160 922 2245 incognitum,
943 2174 1031 2225 recte
1052 2181 1128 2224 sane

115 2281 223 2346 risum
257 2293 303 2343 est
335 2277 538 2342 Hermanno.
579 2268 697 2363 'Neque
730 2300 809 2344 vero
833 2278 980 2343 dubitari
1001 2290 1128 2362 potest,

117 2398 199 2482 quin
218 2397 306 2460 idem
331 2416 448 2460 verum
469 2396 585 2460 viderit
603 2410 766 2473 statuens,
789 2400 886 2481 hujus
904 2398 979 2461 novi
1005 2396 1130 2481 generis

117 2522 287 2579 auctorem
310 2525 343 2575 et
366 2512 572 2576 inventorem
593 2513 635 2576 ab
658 2511 794 2575 Horatio
815 2512 981 2575 Lucilium
1002 2512 1133 2594 praedi·

118 2630 195 2697 uri.
219 2627 283 2694 Sed
302 2627 495 2713 Quintiliani
515 2628 688 2693 auctoritas
709 2629 826 2704 obstat,
847 2627 1024 2711 quominus
1036 2641 1133 2710 pute·

119 2769 203 2824 mus,
217 2747 260 2810 ita
280 2746 464 2829 principem
485 2747 520 2808 in
537 2748 605 2830 ejus
631 2746 758 2832 generis
778 2745 964 2809 inventione
974 2743 1080 2818 fuisse,
1093 2757 1131 2807 ut
1198 2755 1201 2768 ·

119 2865 204 2929 illius
228 2863 332 2928 laudis
361 2884 428 2928 non
450 2867 557 2928 solum
581 2866 753 2926 aemulum
773 2864 905 2926 nullum
929 2862 1132 2937 associum,

120 2984 175 3046 sed
198 3003 239 3045 ne
263 2982 456 3064 participem
476 2982 610 3064 quidem
633 2978 798 3045 habuerit.
844 2978 1039 3064 Quintiliani
1061 3001 1134 3043 ver-

120 3099 163 3164 ba
181 3111 275 3163 sunt:
313 3096 453 3165 «Satira
469 3096 605 3182 quidem
623 3111 692 3162 tota
711 3111 821 3162 nostra
841 3112 906 3173 est,
931 3097 965 3160 in
984 3118 1052 3181 qua
1067 3098 1134 3180 pri·

121 3235 194 3281 mus
224 3216 385 3302 insignem
406 3220 536 3281 laudem
559 3220 694 3300 adeptus
716 3231 763 3281 est
784 3217 926 3283 Lucilius
947 3252 1002 3281 -.
1019 3236 1036 3277 »
1062 3215 1136 3280 Ma-

123 3335 281 3398 nifestum
305 3348 368 3410 est,
392 3348 467 3399 ante
486 3334 650 3399 Lucilium
674 3336 841 3398 neminem
855 3333 1039 3398 inclaruisse
1058 3333 1138 3396 scri·
1188 3410 1196 3424 .

122 3450 237 3516 bendis
261 3453 364 3515 satiris
378 3475 385 3529 ;
410 3453 492 3515 nihil
503 3473 581 3516 vero
593 3454 749 3534 impedit,
774 3473 815 3514 ne
828 3448 1045 3533 Quintilianus
1058 3450 1137 3514 alios

124 3574 233 3651 positas
245 3569 446 3655 cogitaverit,
461 3571 516 3654 qui
531 3571 701 3655 ingenium
712 3581 787 3632 ante
797 3566 962 3631 Lucilium
975 3565 1008 3628 in
1022 3568 1137 3631 eodem

126 3706 242 3771 genere
264 3687 436 3769 periclitati
456 3688 607 3761 fuissent,
632 3707 670 3750 eo
686 3698 803 3750 eventu
828 3697 864 3748 ut
877 3704 993 3748 eorum
1006 3699 1139 3749 conatus

125 3816 235 3868 tenues
261 3816 293 3868 et
315 3804 449 3889 exiguos
472 3805 589 3868 Lucilii
610 3808 698 3868 sarna
711 3801 954 3868 obscuravissat.
981 3803 1019 3866 In
1037 3824 1137 3887 quam

126 3921 317 3985 sententiam
339 3922 489 4006 quamvis
511 3920 748 3990 Wcichertum
761 3924 872 3985 locum
886 3920 1137 4003 interpretatum

128 4059 190 4102 esse
215 4039 447 4125 cognoverim,
479 4053 589 4103 tamen
619 4039 742 4102 erravit
771 4059 828 4114 eo,
861 4040 949 4121 quod
973 4037 1140 4109 Ennium,
