2580 4756
695 368 736 428 72

215 550 331 614 similia
356 547 447 610 nobis
482 545 625 628 prodidit
655 542 839 608 Macrobius
871 563 911 607 ex
945 542 1021 620 Titii
1046 543 1212 619 oratione,

216 689 281 750 qua
303 666 461 729 Fanniam
476 666 581 750 legem
599 662 712 725 eodem
731 663 836 725 ferma
847 673 994 745 tempore
1005 659 1123 738 suasit3
1138 683 1211 724 nam

216 786 251 860 is,
276 776 403 860 mores,
427 782 544 867 quibus
560 779 706 865 plerique
716 779 803 868 {tunc
825 778 948 844 Romae
968 779 1135 856 vivebant,
1158 781 1214 843 de·

213 904 401 986 scripturus,
426 901 571 964 homines
594 899 720 985 prodigi
743 899 777 961 in
807 901 916 962 sorum
939 899 979 962 ad
998 898 1213 982 judicandum

218 1021 299 1085 ebrii
333 1033 551 1084 commeantes
583 1019 690 1103 qualia
712 1020 851 1082 solerent
873 1017 1214 1080 intersesermocina·

216 1140 255 1215 ri,
279 1139 327 1203 his
351 1139 454 1203 verbis
477 1141 592 1201 refert:
618 1161 636 1202 u
651 1137 785 1199 Ludunt
807 1133 892 1210 alei,
913 1134 1053 1198 studiose
1062 1154 1215 1221 unguen·

213 1258 252 1321 tis
286 1257 437 1332 delibuti,
465 1256 575 1320 scortis
598 1254 728 1337 stipati,
759 1254 817 1316 ubi
845 1254 943 1316 horae
973 1254 1087 1316 decem
1116 1266 1212 1331 sunt;

210 1379 327 1461 jubent
343 1398 484 1460 puerum
505 1375 612 1440 vocari
636 1388 673 1437 ut
696 1373 866 1438 comitium
889 1387 940 1438 eat
961 1386 1214 1456 percunctatum

214 1497 293 1579 quid
328 1496 363 1558 in
397 1498 469 1559 foro
492 1507 619 1580 gestum
641 1484 785 1576 sit,qui
807 1491 986 1568 suaserint,
1010 1492 1068 1575 qui
1091 1492 1216 1558 ᾶίεειια·

213 1616 333 1690 serint,
358 1627 439 1698 quot
461 1612 564 1676 tribus
584 1612 751 1695 jusserint,
774 1621 855 1694 quot
878 1610 1059 1674 vetuerint:
1083 1610 1161 1676 inde
1177 1614 1216 1676 ad

213 1734 384 1797 comitium
405 1733 549 1807 vadunt,
572 1752 613 1794 ne
635 1730 727 1793 litem
745 1744 849 1793 suam·
862 1728 999 1792 faciant:
1024 1730 1107 1792 dum
1124 1739 1214 1806 eunt,

213 1853 303 1914 nulla
328 1865 374 1915 est
397 1851 430 1914 in
450 1850 621 1937 angiporto
642 1851 810 1931 amphora,
834 1869 934 1932 quam
958 1867 1025 1911 non
1044 1848 1215 1932 impleant,

212 1971 334 2053 quippe
355 1970 412 2054 qui
436 1970 572 2034 vesicam
592 1971 724 2051 plenam
743 1966 808 2032 vini
823 1966 973 2031 habeant.
1017 1965 1167 2034 Veniunt
1181 1969 1216 2032 in

213 2088 388 2151 comitium
404 2088 518 2163 tristes,
538 2087 656 2171 jubent
673 2087 797 2151 dicere:
821 2107 964 2170 quorum
974 2086 1146 2172 negotium
1160 2101 1216 2162 est,

214 2205 339 2268 dicunt:
362 2206 461 2288 judex
473 2218 565 2268 testes
576 2203 696 2286 poscit:
719 2204 804 2286 ipsus
817 2204 842 2268 it
851 2203 1013 2268 minctum
1025 2226 1034 2282 ;
1048 2205 1106 2268 ubi
1119 2206 1215 2287 redit,

213 2325 257 2387 ait
279 2345 311 2386 se
336 2322 445 2386 omnia
467 2321 641 2397 audivisse,
672 2321 797 2385 tabulas
819 2323 931 2405 poscit,
948 2323 1053 2387 literas
1070 2324 1216 2407 inspicit:

215 2442 267 2508 vix
293 2463 371 2524 prae
393 2441 479 2540 ,vino
505 2439 638 2504 sustinet
666 2440 850 2523 palpebras:
880 2441 971 2505 eunti
993 2441 1026 2505 in
1044 2442 1217 2518 consilium

213 2563 259 2626 ibi
282 2564 361 2626 haec
384 2561 496 2626 oratic.
536 2558 633 2648 Quid
654 2560 746 2625 mitt
756 2560 891 2648 negotii
902 2570 951 2623 cst
963 2583 1040 2624 eum
1052 2563 1139 2624 istis
1150 2584 1220 2626 nu·

208 2683 373 2770 guribus?
397 2683 800 2768 quampotius‘potamca
811 2681 964 2744 mulsum
975 2683 1219 2747 mintumvim

214 2798 357 2876 Graeco,
382 2799 513 2864 edimus
537 2798 681 2863 turdum
698 2802 878 2887 pinguem,
891 2797 1219 2885 bonumquepiscam

210 2918 335 3003 *lupum
337 2940 553 3004 germanum,
561 2922 624 3003 qui
632 2922 726 2982 inter
734 2917 818 2982 duos
823 2930 943 3005 pontes
952 2929 1072 3004 captus
1074 2917 1216 3005 suiffin

214 3038 318 3100 Istane
339 3036 409 3119 quis
431 3038 539 3100 credat
559 3049 628 3100 tarn
644 3037 755 3122 gravia
774 3037 851 3103 vitia
860 3038 930 3120 jam
946 3050 1020 3102 tum
1043 3037 1212 3104 inolevisse

215 3155 412 3237 reipublicae
428 3153 615 3218 Romanae?
638 3152 777 3238 Sedjam
795 3167 869 3218 ante
882 3153 964 3220 Cato
977 3156 1097 3241 quibus
1109 3159 1218 3224 verbis

215 3275 390 3358 disputavit
407 3273 440 3337 in
457 3272 708 3337 immoderatam
725 3275 909 3358 aequalium
934 3274 1098 3338 luxuriam
1110 3276 1148 3339 2?
1173 3279 1219 3343 At

216 3394 482 3458 veroiuveterata
503 3394 614 3456 eadem
639 3391 716 3456 vitia
740 3392 900 3476 compesci
912 3413 978 3456 non
998 3393 1136 3477 amplius
1154 3418 1220 3480 po-

215 3523 360 3586 tuerunt,
373 3523 548 3594 postquam
563 3510 685 3574 assidua
707 3532 819 3574 rerum
840 3532 992 3594 prospere
1011 3512 1086 3576 foris
1108 3527 1218 3599 gesta-

216 3650 293 3693 rum
305 3629 482 3692 constantia
493 3649 589 3693 novas
601 3629 796 3694 calamitates
804 3631 889 3694 intus
901 3629 1066 3694 debilitato
1077 3631 1219 3715 imperio

214 3747 380 3814 intulerat.
400 3746 493 3812 Brevi
510 3747 599 3811 enim
616 3747 752 3812 maximi
770 3749 929 3832 triumphi
942 3750 1056 3813 eodem
1068 3762 1217 3835 tempore

221 3927 497 3946 W

252 4053 261 4086 1
305 4038 421 4087 Saturn-
440 4033 484 4098 ll,
504 4049 546 4088 12.
567 4035 619 4092 cll.
639 4035 883 4092 Sammonici
900 4040 982 4094 verba
1001 4057 1025 4092 c.
1047 4037 1087 4090 13.

252 4150 267 4185 2
302 4137 322 4184 I
331 4131 357 4186 d.
375 4133 434 4187 eod.
453 4130 495 4198 ll,
516 4149 559 4186 ιο.
