2580 4756
624 328 683 390 192

151 512 216 576 Cui
238 531 342 596 neque
358 508 561 593 jumentum
577 517 637 579 ert,
651 527 708 568 nec
717 520 845 579 seruere,
859 526 916 567 nec
929 526 1036 568 comcs
1047 500 1146 579 ellat,-

148 629 305 716 Bulgam
326 638 357 689 ct
374 621 549 711 quidquid
567 623 666 686 habet
678 645 909 698 nummorum,
923 644 1035 687 secum
1059 622 1147 687 Itcbe't

1022 765 1110 828 apae,

149 866 234 930 Cum
257 863 363 950 tulga
384 872 519 933 coenat,
546 860 696 933 dormit,
720 860 833 923 lavit:
858 863 971 924 omitia
993 863 1032 924 in
1056 884 1126 924 nno

147 980 229 1067 Spes
253 981 406 1047 tenonis
424 977 553 1065 balga:
574 977 638 1039 ltac
664 974 820 1040 devincto
842 988 891 1040 cst
913 990 1027 1041 cetero
1040 981 1115 1041 vito
1125 977 1148 1042 ¹.
1196 1044 1199 1049 ,

190 1096 440 1182 Diligentissima
474 1114 574 1176 porro
605 1107 747 1157 versatus
778 1095 907 1158 videtur
944 1094 1089 1159 Lucilius
1120 1097 1147 1157 in

145 1214 331 1278 luxuriae
353 1207 623 1293 reprehensione,
649 1232 747 1293 quac,
774 1224 865 1292 parta
879 1211 1065 1296 ingentium
1086 1212 1148 1275 vic-

143 1333 303 1395 toriarum
324 1329 520 1392 successione
534 1327 572 1401 ²,
596 1327 728 1409 publica
750 1331 856 1391 fuerat
873 1341 948 1391 ante
969 1350 1072 1411 quarn
1085 1328 1147 1412 pri-

144 1462 217 1514 vata
240 1468 304 1510 esse
329 1444 499 1527 coepisset3
524 1445 569 1508 sic
592 1458 702 1508 autem
731 1445 822 1508 brevi
846 1446 1005 1517 invaluit,
1029 1459 1065 1508 ut
1089 1467 1147 1509 non

143 1569 210 1650 jam
231 1563 363 1627 urbanis
384 1565 541 1626 duntaxat
564 1561 699 1644 propria
723 1571 815 1637 esset,
839 1563 894 1625 sed
913 1585 967 1626 rus
990 1583 1146 1632 commea-

142 1697 211 1760 ret,
243 1680 389 1765 patribus
419 1702 456 1744 ac
484 1681 607 1763 populo
643 1680 827 1743 communis
853 1682 956 1744 fieret.
1004 1679 1096 1764 Quae
1114 1694 1145 1743 ut

141 1805 205 1865 late
230 1798 479 1873 dominabatur,
504 1798 549 1861 ita
568 1797 760 1879 pracsertim
780 1797 816 1860 in
840 1797 1066 1860 conviviorum
1080 1800 1146 1860 lau·

140 1932 175 1983 to
192 1917 433 2003 magnificoque
455 1928 614 1997 apparatu
638 1915 811 1997 conspicua
835 1928 914 1978 crat.
948 1912 1144 1978 Jamdudnm

140 2035 334 2099 excitaverat
352 2032 408 2096 illa
420 2034 532 2118 legum
544 2031 801 2095 sumtuariarum
814 2032 1036 2108 severitatem,
1049 2032 1144 2096 idem·

141 2173 205 2235 que
229 2151 360 2224 Titius,
397 2169 497 2232 quem
531 2162 749 2230 exponentem
774 2152 814 2212 de
836 2148 1010 2225 moribus,
1034 2150 1143 2233 quibus

139 2281 214 2330 tum
246 2266 372 2329 Romae
404 2265 553 2348 plerique
578 2265 757 2342 vivebant,
781 2265 984 2340 audivimus,
1009 2267 1144 2331 Fanniae

140 2382 338 2447 sumtuariae
351 2383 530 2445 suadendae
543 2383 762 2446 necessitatem
776 2380 1002 2466 perspiciebat.
1027 2382 1142 2468 Quodsi

138 2503 172 2566 in
195 2501 311 2565 Lucilii
337 2500 528 2586 fragmentis
552 2499 634 2563 illud
654 2501 811 2586 legimus:
838 2500 954 2565 Fanni
980 2506 1145 2568 centussis

136 2619 293 2684 misellos
305 2633 336 2683 et
356 2618 465 2707 legem
479 2621 617 2682 vitemn’
631 2617 750 2682 Ltotnt
764 2619 792 2694 3,
815 2600 929 2702 sponte
941 2619 1146 2709 intelligitur,
1179 2680 1181 2686 ,
1219 2644 1222 2651 ’

135 2741 214 2802 haec
242 2759 306 2802 esse
330 2736 576 2800 luxuriosorum
601 2737 724 2812 verba,
749 2737 807 2820 qui
830 2738 890 2801 illis
914 2741 1041 2803 nollent
1065 2741 1142 2827 legi·

134 2856 196 2920 bus
213 2854 333 2926 teneri,
352 2874 435 2937 quae
454 2854 619 2918 licentiam
645 2855 860 2938 impedirent,
886 2856 1040 2940 venitque
1058 2858 1145 2921 nobis

135 2972 274 3036 Duronii
298 2970 423 3035 tribuni
440 2971 543 3053 plebis
565 2972 600 3035 in
625 2985 794 3049 mentem,
819 2994 884 3055 qua
901 2964 956 3037 ille
969 2974 1142 3057 impuden-

136 3091 181 3153 tia
201 3087 345 3172 Quirites
366 3090 552 3151 cohortatus
575 3088 633 3164 sit,
659 3103 696 3152 ut
714 3089 911 3174 abrogarent
931 3091 1018 3155 istud
1038 3093 1144 3156 horri-

136 3209 195 3272 dae
216 3204 382 3271 vetustatis
401 3204 553 3290 rubigine
570 3205 714 3271 obsitum
734 3207 913 3290 imperium
925 3207 952 3272 4.
986 3209 1060 3274 Huc
1080 3210 1141 3297 igi-

136 3341 191 3390 tur
214 3346 292 3391 cum
319 3323 381 3388 alia
402 3323 518 3387 Lucilii
540 3324 726 3408 pertinent,
752 3326 872 3389 veluti:

140 3537 256 3546 —m-—.-
270 3533 359 3543 ι’*-
366 3534 417 3544 ——u-

171 3657 181 3690 ι
220 3644 334 3708 Fragm.
355 3638 407 3702 vl,
429 3658 451 3692 ι.

171 3757 185 3789 2
223 3732 289 3802 Sue·
309 3754 335 3802 v·
356 3752 386 3803 7¹
406 3755 467 3807 flvv-

168 3833 185 3883 5
223 3833 325 3885 Getl.
345 3832 393 3895 ll,
413 3835 464 3893 24,
488 3850 528 3885 ιο.
562 3837 694 3888 Lucil.
712 3837 757 3906 [r.
776 3838 832 3886 inc.
856 3835 923 3895 133,
946 3835 996 3888 134
1032 3837 1075 3899 Cf.
1096 3837 1138 3890 46.

135 3928 276 3979 l'ertinent
297 3929 361 3981 llaec
378 3930 524 3999 fragmenta
544 3933 656 3984 sortasse
674 3933 705 3982 ad
729 3933 750 3982 l.
775 3931 815 3985 lV
840 3934 881 3983 vel
906 3933 1006 3987 XXV.
1039 3986 1042 3991 ,

167 4027 182 4076 4
218 4022 285 4091 Sup.
307 4044 331 4091 p.
357 4027 398 4077 23.
