2580 4756
673 348 735 409 124

243 526 341 591 Emisi
361 524 568 608 opinionem,
587 523 764 609 quaemihi
778 523 952 605 probabilis
965 524 1028 588 visa
1041 538 1099 589 cst.
1125 523 1206 586 Eam

198 666 287 707 nunc
305 642 437 728 quidem
460 642 574 716 mitte,
599 662 676 704 mox
699 643 740 703 ad
759 641 895 703 eandem
912 632 1116 705 rec'ursurus.
1140 641 1206 707 Ve-

198 784 275 826 rum
288 775 325 824 ut
353 759 477 824 Horatii
502 761 541 824 de
563 759 688 823 Lucilio
707 759 869 844 judicium
890 772 1039 824 accurate
1049 761 1208 843 persecuti

196 902 330 955 sumus,
353 880 398 943 ita
416 888 514 942 restat
538 892 593 955 nt,
617 880 705 963 quod
727 890 879 941 secutum
898 900 930 943 se
943 900 1020 942 eum
1033 881 1208 943 essefassus

14 968 62 1110 iii
80 965 158 1112 (⁴⁸9)
198 1013 245 1063 ‘³⁸‘
265 998 486 1073 H⁰fal51¹8¹a
511 999 719 1084 attingamus.
743 996 816 1081 Qun
829 997 910 1062 inre
922 998 1210 1082 indicandarejici·

103 1061 136 1115 ⁸⁰
198 1140 275 1181 mur
287 1120 328 1180 ad
338 1117 582 1183 scholiasturnm
596 1116 789 1191 testimonia,
803 1113 929 1200 quippe
940 1117 974 1180 in
986 1117 1104 1181 Lucilii
1119 1121 1209 1203 frag-

198 1237 316 1301 mentis
334 1236 398 1312 vix,
423 1237 508 1298 unde
520 1235 578 1317 ipsi
590 1237 674 1298 hanc
686 1235 928 1299 contentionem
941 1236 1210 1300 aemulationem·

199 1378 263 1441 que
296 1355 550 1440 investigemus,
580 1354 788 1417 invenientes.
824 1353 940 1438 Itaque
964 1355 1053 1438 quod
1079 1355 1114 1417 hi
1137 1375 1213 1438 pro-

198 1475 361 1548 diderunt,
375 1471 432 1535 ubi
445 1472 648 1536 commodior
666 1469 729 1535 erit
742 1474 841 1548 locus,
854 1493 1052 1555 exponemus
1065 1472 1092 1538 ‘·‘.
1117 1471 1213 1538 Nunc

200 1593 280 1656 illud
312 1604 443 1655 tantum
478 1591 714 1654 attendendum
743 1590 916 1667 ducimus,
942 1604 978 1655 ut
1002 1613 1040 1654 ex
1061 1590 1213 1657 Varrone

10 1725 112 1776 onttt
129 1719 184 1793 (20)
200 1709 380 1785 Albucii,
417 1708 461 1773 ita
497 1731 535 1772 ex
574 1707 709 1773 Horatio
738 1707 834 1772 Julii
866 1709 980 1773 Flori
1013 1711 1209 1775 memoriam

199 1831 290 1895 nobis
321 1842 481 1896 servatam
501 1850 575 1893 esse.
622 1827 655 1892 Si
681 1841 882 1912 superessent
902 1851 1017 1893 corum
1039 1851 1212 1894 commen·

200 1951 295 2025 tarii,
331 1949 387 2033 qui
413 1952 698 2033 προσωπογραφίαν
721 1947 932 2012 Horatianam
955 1948 1212 2033 reliqueruntss,

201 2072 298 2152 plura
318 2069 438 2131 dehoc
460 2068 616 2150 scriptore
637 2068 753 2132 indicia
774 2080 933 2150 paterent.
967 2065 1064 2132 Nunc
1084 2068 1141 2154 qui
1162 2091 1211 2133 eos

201 2186 422 2250 adhibuerunt
454 2186 728 2258 commentarios.
761 2188 849 2269 justo
880 2185 1009 2250 brevius
1044 2209 1212 2270 excerpse-

200 2317 290 2370 runt.
335 2302 505 2380 Tradunt,
530 2301 654 2366 Julium
667 2304 826 2380 Florum,
849 2304 1009 2380 scribam,
1039 2306 1210 2371 satirarum

200 2423 295 2488 fuisse
326 2434 517 2500 auctorem,
553 2423 685 2506 ejusque
708 2444 772 2486 esse
795 2426 909 2487 clectus
933 2446 972 2488 ex
996 2425 1125 2504 Ennio,
1149 2427 1211 2489 Lu·

201 2542 297 2619 cilio,
332 2541 480 2608 Varrone
510 2542 631 2606 satiras.
678 2541 770 2608 Unus
800 2557 911 2606 autom
935 2543 997 2607 suit
1020 2566 1059 2607 ex
1083 2545 1212 2609 comiti-

199 2663 259 2727 bus
282 2660 463 2727 domesticis
487 2660 614 2726 Claudii
637 2660 759 2725 Tiberii
783 2659 937 2737 Neronis,
963 2662 1019 2747 qui
1043 2664 1111 2747 ipse
1132 2667 1211 2728 doc-

199 2795 251 2846 tus
275 2780 337 2845 fuit
360 2795 393 2844 ct
415 2782 523 2844 doctos
547 2781 680 2844 comites
703 2777 858 2844 habunt.

236 3051 248 3089 t
288 3033 358 3100 Sup.
379 3051 407 3099 p.
429 3034 488 3087 108.

236 3151 253 3186 2
288 3131 341 3183 Hic
364 3137 451 3183 lumen
463 3130 729 3182 animadvertendum
742 3139 793 3196 est,
808 3132 997 3187 Horatium
1020 3138 1212 3189 Wielando

204 3231 282 3300 (Sat.
310 3232 383 3280 Hor.
403 3226 432 3278 ll
447 3245 473 3294 p.
488 3234 530 3297 ιγ)
554 3228 639 3279 visum
657 3245 713 3279 esse
739 3228 885 3298 aliquando
904 3232 1007 3284 Lucilii
1031 3236 1136 3286 moienr
1157 3234 1212 3300 ipsa

202 3327 353 3381 verborum
365 3332 503 3376 structura
521 3331 548 3374 et
565 3325 868 3395 orationisnegligentia
886 3329 1021 3379 imitatum
1033 3348 1099 3383 esse·
1118 3336 1212 3383 Horat

202 3424 312 3477 scheint
337 3424 367 3474 in
401 3425 462 3476 Sat.
480 3425 530 3486 11,
551 3439 577 3486 1,
597 3421 698 3492 35-39
715 3427 846 3496 aufeine
864 3427 1052 3498 launenhafte
1072 3429 1132 3478 Art
1152 3437 1211 3482 Lu-

205 3521 259 3572 cils
286 3522 380 3590 eigene
398 3519 605 3591 sclumatzltafte
620 3522 733 3574 Manier
755 3523 813 3573 und
830 3523 1062 3592 Nachliissrgkeit
1083 3525 1123 3574 im
1147 3525 1211 3593 styl

205 3616 407 3684 nachgemaclrt
420 3635 455 3668 zu
476 3616 578 3672 haben.
614 3615 673 3670 Nec
692 3618 798 3671 mirum.
829 3619 900 3672 Nem
918 3619 1073 3685 exemplum
1085 3620 1210 3672 veluteis

204 3713 363 3765 Lucilianae
379 3712 555 3782 garrulitatis.
590 3713 796 3781 veruntamen,
820 3719 944 3770 consulto
966 3718 1020 3769 talc
1038 3718 1106 3788 quid
1118 3719 1210 3771 fecisse

204 3809 361 3872 Horatium,
384 3816 458 3862 recle
476 3811 585 3864 videtur
602 3829 710 3882 negasse
728 3817 813 3867 an
825 3826 912 3869 tzer
931 3820 981 3886 op.
1001 3817 1023 3871 Ι.
1041 3835 1071 3883 p.
1090 3816 1155 3881 452,

240 3909 257 3960 5
291 3907 331 3960 Cf
356 3910 487 3962 Comm.
507 3912 589 3982 Cruq.
601 3928 630 3978 p.
641 3911 726 3965 3321»
738 3914 880 3984 Suring.
896 3913 1081 3968 Scloll.vett.
1094 3913 1154 3979 111,
1167 3932 1210 3983 9²·

241 4006 259 4059 4
292 4006 364 4061 uod.
391 4003 536 4073 nossa.
570 4009 724 4063 Auctor.
751 4027 780 4077 p.
797 4011 889 4080 692h.
921 4013 1074 4067 casaub.
1093 4015 1127 4065 de
1151 4017 1211 4066 Sat.

207 4103 311 4166 poe-²·
407 4100 1210 4177 nmdmcsnntoutlectuproelectuen-
