2580 4756
717 526 807 583 ·'·.*-.·s·s
847 524 967 588 luerint
996 541 1124 609 praeter

344 638 382 689 ir
416 664 499 699 mn..
648 678 665 683 --
727 642 834 721 illrum
858 642 900 703 ob
930 665 1001 706 rem
1033 648 1124 731 gravi

292 768 320 791 ‘·
354 772 508 829 elusum,
542 758 628 817 nullo
660 760 758 819 rnmlu
794 762 958 823 laudatam
995 761 1126 828 Valerio

136 919 180 957 ...υ
268 872 418 935 τ·”-·ῑυὲαιιι
446 874 557 935 irnlrori
592 896 692 955 posse.
738 874 800 939 Sed
823 899 864 939 ne
889 882 940 942 vel
971 879 1016 943 sic
1048 882 1125 966 qui-

237 992 334 1047 ·”mis
366 992 532 1055 ‹litiis-ultus
567 992 693 1057 sublata
728 1007 784 1057 est.
840 994 989 1061 Primum
1014 999 1124 1077 enirn,

130 1148 148 1195 Ἃ
178 1112 203 1125 ““
251 1110 426 1175 sinnilicsre
468 1112 635 1187 (licturus,
667 1134 751 1197 quae
796 1112 979 1180 Macrobius
1013 1118 1126 1183 scribit

124 1256 164 1317 sp:
193 1228 434 1313 =··:=1cVergern
458 1250 524 1293 non
548 1232 714 1315 sugerunt.
742 1232 807 1296 «In
831 1254 868 1296 eu
892 1234 1047 1323 (Licinia)
1074 1239 1126 1299 sc·

123 1372 166 1413 re·
183 1350 223 1409 rln
259 1350 399 1429 rpueesita
439 1368 542 1409 norae
582 1349 659 1433 legis
696 1352 894 1427 auctoritas,
925 1355 1124 1419 exolescente

119 1482 211 1531 metu
240 1464 316 1551 legis
340 1465 553 1549 antiquioris,
572 1465 628 1540 its,
655 1465 819 1544 Hercules,
845 1482 883 1532 ut
894 1472 933 1533 de
951 1470 1026 1553 ipsis
1039 1474 1128 1536 duo·

117 1586 224 1649 decim
258 1584 374 1647 tabulis
398 1587 524 1647 luctum
545 1596 612 1660 cst,
630 1606 774 1668 quarum
786 1586 843 1649 ubi
861 1588 1025 1652 contemni
1037 1589 1128 1653 enti·

116 1704 227 1792 quites
247 1702 373 1785 coepit,
396 1703 509 1767 eadem
535 1702 611 1778 illa,
633 1723 716 1785 quse
742 1702 804 1766 illis
826 1703 951 1789 legibus
968 1705 1128 1771 seveben-

115 1836 190 1897 tur,
224 1820 260 1883 in
292 1820 354 1883 ulia
384 1822 527 1883 latorum
563 1818 698 1883 nornine
722 1820 961 1888 transierunt¹.
975 1841 993 1883 n
1040 1821 1129 1890 Haec

115 1942 189 2019 ille;
212 1938 249 2001 in
272 1938 389 2023 quihus
414 1935 519 2003 vorbis
542 1937 670 2002 obstare
692 1938 869 2003 sententiae
888 1953 1016 2004 nostrae
1035 1942 1129 2007 vide-

115 2072 215 2135 stur,
249 2060 337 2143 quod
360 2056 480 2121 dicitur
498 2056 708 2143 {exolescente
727 2067 820 2121 metu
835 2058 926 2147 legis
946 2062 1129 2152 certiquie·

115 2180 199 2243 rie.-
223 2198 303 2241 num
327 2176 352 2239 si
372 2174 468 2240 Didia
492 2174 648 2262 abrogata
663 2187 760 2250 esset,
790 2174 852 2240 dici
875 2175 1022 2242 debuisse
1045 2176 1129 2244 mi-

119 2296 195 2361 leto
217 2304 322 2359 metu.
353 2290 457 2359 Video
479 2292 559 2376 quid
581 2293 746 2368 offendat,
769 2305 952 2359 nectemen
973 2309 1043 2374 est,
1062 2317 1129 2383 quo

117 2413 340 2499 impediamur
353 2457 362 2487 ,
376 2412 476 2475 modo
494 2411 672 2493 prudenter
683 2410 950 2493 interpretemur.
974 2411 1130 2499 Legimus

116 2546 193 2617 poet
213 2529 371 2596 Orchiam
392 2532 517 2605 letam,
541 2550 647 2613 quum
671 2529 899 2593 auctoritatem
919 2551 1022 2595 novae
1051 2532 1130 2617 legis

117 2663 215 2717 sucta
231 2648 398 2713 necessitas
410 2647 619 2729 imploraret,
642 2645 803 2711 Fanniam
818 2649 918 2711 latam
929 2668 1003 2711 esse.
1028 2646 1132 2714 Utre-

117 2792 184 2855 que
197 2782 346 2851 tempore
358 2765 505 2830 exolevit:
520 2778 593 2828 tum
606 2764 701 2828 Didia
712 2766 777 2828 late
788 2775 835 2827 eet
847 2776 880 2827 et
892 2776 965 2846 post
976 2764 1132 2852 abrogata

118 2910 139 2953 e
174 2886 333 2951 Duronio.
386 2882 487 2967 Cujus
517 2883 550 2946 in
578 2884 713 2958 locum,
735 2879 826 2945 nulli
856 2884 924 2944 fere
942 2880 1132 2965 interpositi

117 3002 232 3079 mori,
268 3002 390 3086 injussu
418 2999 532 3084 populi
558 2999 707 3065 successit
741 2997 883 3076 Licinia,
907 3020 991 3083 quae
1022 3001 1132 3084 paucis

118 3121 255 3187 mutetis
285 3120 321 3183 in
353 3114 517 3204 plerisque
550 3138 629 3183 cum
663 3115 812 3192 Fannia,
836 3115 901 3181 situ
924 3129 1023 3202 atque
1044 3121 1134 3184 senio

119 3241 314 3316 obliterate,
363 3237 577 3325 congruebat.
635 3235 751 3322 Itaque
784 3228 888 3301 norae
922 3223 1019 3320 liujus
1054 3238 1133 3324 legis

118 3358 335 3433 auctoritate,
359 3377 444 3441 quae
466 3366 562 3421 entes
581 3346 725 3419 Fanniae
747 3354 1003 3417 lerendeeceuse
1015 3356 1133 3432 fuerat,

118 3478 220 3563 ipsius
238 3475 381 3543 Fenniee
401 3472 606 3538 exolescentis
630 3471 736 3554 capite
757 3472 865 3536 denuo
888 3469 1030 3534 stabilita
1043 3486 1132 3539 sunt.

120 3594 268 3682 Quodsi
302 3606 450 3659 tenemus
464 3638 477 3683 ’⁴
509 3590 602 3655 facile
632 3584 790 3656 Macrobii
809 3587 909 3654 verbe
932 3589 1134 3656 exolescente

121 3725 219 3779 met-u
253 3712 345 3801 legis
379 3710 598 3801 antiquioris
629 3709 670 3773 ed
702 3708 811 3793 legem
835 3705 997 3771 Fanniam
1019 3709 1134 3774 referri

117 3844 274 3917 oportere
286 3827 518 3917 intelligimus,
539 3826 637 3893 simul
651 3845 728 3892 vero
740 3823 903 3891 minuitur
914 3824 1133 3909 optimatum,

157 4104 171 4141 ι
214 4088 328 4139 Satura.
349 4084 396 4149 ll,
417 4085 459 4138 ιδ.
