2580 4756
540 401 581 464 13

101 577 275 667 Colligitur
294 578 387 657 hinc,
404 577 610 663 impuberem
628 577 791 644 Lucilium
814 579 992 647 interfuisse
1003 600 1060 646 re·

51 697 119 764 hus
141 697 415 787 adeumantiam
439 697 532 785 gesns
554 720 593 764 ac
614 699 714 763 fidem
724 697 909 794 habendam
920 700 1058 786 Vellej0.

51 817 149 904 Quae
169 837 276 903 quum
299 837 358 901 per
379 838 504 881 annum
527 828 560 881 et
582 817 709 883 circiter
731 829 795 882 tres
812 840 937 884 menses
958 821 1061 885 dura-

54 924 188 1014 verint,
221 935 393 1002 verisimile
421 948 490 1014 est,
526 935 662 1001 tertium
684 935 850 1001 decimum
872 937 982 1004 aetatis
1004 961 1063 1003 an·

53 1077 141 1120 num
171 1055 351 1142 ingressum
385 1075 463 1120 oum
494 1051 642 1139 Scipione
674 1053 782 1120 Rome
815 1076 855 1121 eo
875 1059 1063 1140 profectum

55 1196 124 1238 esse
158 1187 235 1239 cum
271 1174 381 1239 ceteris
403 1173 612 1259 aequalibus,
645 1174 701 1260 qui
724 1175 808 1262 grati
831 1188 933 1240 essent
954 1175 1064 1260 impe-

54 1293 171 1358 ratori.
229 1291 289 1358 Illa
329 1305 439 1357 autem
472 1306 682 1376 praematura
720 1293 837 1358 militia
866 1293 993 1359 sublata
1014 1308 1063 1360 est

62 1411 104 1478 C.
141 1409 279 1476 Gracchi
308 1411 477 1477 tribunitia
511 1413 581 1498 lege
603 1410 641 1488 1¹,
666 1412 877 1497 quadriennio
906 1426 980 1496 post
1001 1435 1064 1478 ex·

56 1531 158 1596 cisam
192 1529 404 1595 Numantiam
426 1532 571 1614 perlata,
595 1552 660 1616 qua
687 1552 792 1616 quum
815 1545 998 1610 caveretur,
1022 1554 1064 1598 ne

58 1648 133 1731 quis
153 1647 240 1711 infra
260 1639 426 1713 decimum
446 1649 623 1733 septimum
640 1650 749 1715 aetatis
775 1670 898 1716 annum
913 1654 954 1717 ad
970 1652 1063 1715 mili-

54 1767 141 1831 tiam
155 1779 332 1854 cogeretur,
345 1767 536 1855 intelligitur
546 1768 731 1852 impuberes
744 1791 811 1834 non
821 1772 927 1834 solum
945 1772 1064 1835 volun-

56 1887 157 1953 tarios
177 1899 251 1952 ante
262 1889 359 1953 lectos
376 1889 486 1965 inisse,
504 1891 562 1953 sed
573 1900 697 1953 coactos
709 1891 788 1953 adeo
798 1888 931 1954 militiae
942 1911 1064 1955 nomen

58 2010 151 2072 dare.
190 1995 337 2071 Tandem
359 2026 452 2085 vero,
474 2008 561 2092 quod
584 2007 713 2094 gravius
734 2007 907 2072 offenditur
918 1984 1063 2095 Baylius,

58 2129 210 2215 equitem
230 2126 380 2191 militasse
404 2126 567 2190 Lucilium
590 2129 678 2210 apud
699 2126 862 2211 Vellejum
876 2127 1063 2212 perhiberi,

59 2268 146 2311 vana
176 2267 269 2311 causa
300 2258 365 2322 est,
399 2245 559 2330 siquidem
590 2245 773 2312 amicorum
795 2247 886 2310 illam
909 2247 1064 2325 turbam,

60 2386 164 2450 quam
183 2352 294 2430 secum
326 2364 443 2428 habuit
474 2362 603 2448 Scipio,
621 2363 783 2449 equitibus
804 2365 978 2431 constitisse
990 2365 1066 2433 inde

59 2481 277 2549 uerisimiliter
299 2482 448 2546 contendi
471 2494 595 2566 potest,
628 2483 717 2566 quod
738 2481 896 2560 Rutilius,
921 2482 1067 2567 quisine

61 2601 165 2667 dubic
194 2600 230 2665 in
260 2600 372 2666 iisdem
395 2600 480 2677 fuit,
504 2601 626 2686 quippe
649 2601 773 2665 Lucilio
794 2601 823 2664 si
845 2601 953 2666 minus
975 2615 1067 2666 aeta-

60 2731 95 2783 te
123 2717 257 2784 inferior
295 2730 381 2784 certe
415 2719 573 2804 aequalis,
595 2731 738 2804 quatuor
768 2717 917 2803 cquitmu
948 2719 1065 2786 turmis

60 2840 247 2924 praefectus·
265 2839 329 2902 suit
350 2837 378 2904 2.
1112 2914 1114 2918 y

110 2954 247 3022 Sublato
268 2958 330 3021 hoc
351 2956 453 3044 Baylii
475 2955 710 3040 impedimento
722 2999 732 3032 ‚
745 2954 810 3020 duo
822 2954 883 3020 alia
905 2955 1068 3026 Wucll-

64 3075 156 3148 neri
177 3075 300 3164 Varges
320 3076 451 3164 attingit
463 3089 496 3141 et
507 3076 601 3141 tollit.
626 3074 684 3140 Ille
697 3073 795 3152 enim,
811 3073 913 3161 Baplii
929 3075 1068 3142 rationi-

62 3195 126 3259 bus
143 3208 268 3273 motus,
278 3207 377 3283 negat
387 3217 420 3260 se
431 3209 565 3279 propter
576 3195 685 3261 aetatis
696 3194 878 3270 discrimen,
894 3197 982 3279 quod
996 3195 1068 3260 Lu-

62 3315 178 3381 cilium
193 3315 333 3407 interes
350 3313 537 3399 Scipionem
559 3338 595 3381 ac
618 3315 782 3380 Lucilium
805 3315 997 3391 intercessit,
1021 3337 1069 3379 as·

60 3434 174 3500 sentiri
198 3456 287 3518 posse
331 3434 522 3500 scholiastae
545 3434 748 3519 Cruquiano‚
771 3435 921 3516 exemplo
944 3434 1069 3498 confir·

61 3553 193 3628 manti,
236 3576 392 3641 magnam
433 3553 611 3619 clarissimis
645 3552 825 3618 duumviris
860 3573 936 3615 cum
971 3556 1068 3635 potita

63 3673 271 3738 intercessisse
307 3660 570 3746 familiaritatem.
627 3670 737 3758 Quam
769 3670 962 3738 sententiam
992 3683 1067 3758 apte

81 3911 358 3926 .-----—---

102 4063 115 4100 1
150 4049 248 4101 Plus.
271 4048 343 4103 Vita
361 4051 389 4101 0.
412 4049 503 4103 ont.

102 4159 118 4198 2
152 4145 246 4216 App.
264 4143 315 4198 tl.
