2580 4756
709 381 769 441 tot

284 555 418 616 Vallum
440 555 586 615 coris-ilio
612 567 742 630 oestro,
768 557 857 640 quod
880 557 1020 633 dicitis,
1047 561 1159 633 olim,

282 671 485 745 Caelicolae,
512 671 639 745 vellem,
653 675 806 757 inquom,
826 671 1043 758 affuissemu’
1060 681 1186 767 priori

280 789 433 852 Concilio
449 789 472 853 '.

236 905 402 969 Praeterea
432 907 496 970 huc
529 907 691 987 pertinere
722 908 851 971 videtur
881 931 990 974 versus
1013 913 1115 987 alius,
1148 935 1237 998 quem

237 1021 366 1087 Servius
387 1036 551 1086 memorat
572 1025 613 1086 ad
631 1022 760 1108 Virgilii
782 1024 883 1090 rerba
904 1028 1071 1114 conjugis
1097 1032 1237 1114 antiqui.

238 1139 338 1205 «Aut
367 1140 502 1222 prioris.
533 1153 590 1204 aut
616 1141 692 1204 cari.
726 1142 888 1206 Lucilius:
923 1143 1080 1208 Concilio
1105 1148 1236 1231 antiquo

235 1261 374 1344 sopiens
398 1260 456 1321 oin
475 1258 563 1320 solu'
578 1257 705 1344 suisti.
731 1258 894 1342 Antiquos
917 1274 1071 1345 ergoest,
1087 1263 1234 1345 quiprae

237 1377 320 1440 cedit
343 1399 440 1451 eum,
464 1377 521 1459 qui
543 1397 691 1458 praesens
713 1375 797 1440 estl.
812 1397 830 1438 r>
877 1376 996 1442 Obesse
1014 1380 1148 1443 videtur
1168 1383 1231 1452 uir,

235 1495 290 1556 sed
321 1496 496 1577 legendum
530 1493 596 1556 sine
626 1492 726 1556 dubio
756 1509 802 1558 cst
825 1497 905 1571 oio,
930 1495 1007 1578 quia
1025 1498 1086 1560 vir
1108 1500 1231 1583 sapiens

236 1612 290 1674 vix
311 1611 372 1673 dici
387 1610 442 1673 hio
459 1611 578 1692 potuit.
601 1611 717 1694 Itaque
732 1625 906 1694 postquam
926 1611 1035 1694 priore
1056 1615 1187 1678 concssio
1202 1615 1231 1676 de

237 1728 374 1791 summis
392 1728 566 1790 hominum
588 1728 685 1790 rebus
706 1728 926 1792 deliberatum
939 1727 974 1805 3,
998 1729 1168 1814 leniusque
1185 1732 1232 1812 ju·

236 1846 379 1921 dicium,
416 1867 516 1928 quam
540 1858 711 1928 parerat,
745 1846 894 1909 accteris
927 1846 995 1909 Diis
1022 1849 1130 1910 latum
1157 1857 1229 1923 erat,

237 1963 425 2045 poenitebat
447 1962 573 2036 dorem,
594 1983 626 2025 se
643 1983 710 2025 non
727 1963 873 2038 affuisse,
891 1985 929 2027 ac
949 1965 1151 2045 reprehensis
1166 1963 1233 2026 reli··

238 2101 382 2164 quorum
406 2079 633 2144 coelicolarum
652 2079 836 2155 sententiis,
859 2081 963 2143 solam
975 2079 1073 2144 unius
1084 2080 1164 2157 Dei,
1182 2077 1227 2162 qui

236 2201 374 2264 severius
401 2198 590 2282 judicasset,
625 2197 815 2279 sapientiam
839 2197 1011 2280 probabat.
1058 2197 1161 2263 Causa
1181 2218 1229 2261 au·

237 2335 328 2396 tem,
361 2337 419 2381 cur
452 2314 514 2379 sibi
542 2313 671 2396 Jupiter
690 2336 709 2377 a
729 2314 797 2377 Diis
818 2314 1073 2378 dissentiendum
1093 2324 1231 2398 putaret,

237 2438 375 2503 nuncius
407 2438 447 2499 de
477 2433 585 2515 Lupi,
616 2431 675 2495 riri
701 2432 869 2496 facinorosi
896 2445 929 2495 et
954 2433 1103 2509 factiosi,
1124 2431 1228 2498 vitain

237 2562 365 2626 coelum
386 2558 528 2638 perlatus
548 2550 716 2615 efficiebat.
741 2548 842 2634 Cujus
865 2563 934 2614 tam
946 2572 1084 2636 gravem
1096 2573 1160 2616 esse
1169 2569 1232 2613 ooo·

233 2677 340 2742 stabat
374 2694 510 2738 morum
546 2668 794 2753 improbitatem
829 2683 861 2732 et
890 2668 1159 2751 turpitudinem,
1200 2675 1231 2728 ut

234 2793 392 2880 singulari
414 2790 573 2873 supplicio
596 2787 789 2853 vindicanda
814 2778 1018 2851 uideretur4.
1066 2786 1107 2848 In
1134 2781 1232 2869 primis

238 2932 316 2977 vero
337 2923 486 2992 spretum
506 2909 547 2972 ab
574 2909 633 2972 isto
653 2908 801 2971 Deorum
821 2908 949 2971 cultum
967 2904 1080 2981 fuisse,
1104 2905 1235 2989 indigna·

237 3030 336 3092 batur
367 3025 506 3108 Jupiter,
539 3028 627 3108 quod
658 3024 812 3107 suspicari
832 3024 908 3088 licet
928 3044 945 3086 e
968 3020 1133 3088 Ciceronis
1155 3022 1234 3083 loco:

240 3141 358 3227 «Quid
385 3144 424 3205 de
455 3141 634 3226 sacrilegis,
668 3143 746 3225 quid
779 3145 818 3206 de
839 3142 947 3224 impiis
965 3135 1235 3226 perjurioquedi-

238 3260 371 3330 cemus?

532 3413 576 3424 —
601 3379 755 3443 Tubulus
777 3383 811 3445 si
832 3379 963 3444 Lusius
983 3380 1161 3465 unquam,

282 3497 323 3565 Si
340 3500 459 3587 Lupus
476 3496 689 3574 autcario,
718 3495 876 3584 Neptuni
886 3495 1018 3582 filius,
1041 3533 1088 3544 -

237 3628 277 3680 ut
299 3616 344 3680 ait
367 3615 531 3688 Lucilius,
565 3625 722 3701 putasset
753 3637 821 3678 esse
848 3613 960 3688 Deos,
994 3624 1069 3677 tom
1079 3611 1242 3698 perjurus

272 3852 285 3892 1
324 3838 436 3907 Fragm,
458 3836 526 3906 l‚2,

275 3952 292 3987 2
327 3933 375 3985 Ad
390 3931 620 3997 Aen.tV,t58,
659 3936 759 3985 Luci
770 3935 790 3986 l.
801 3936 848 4005 sr,
869 3936 921 3986 ino.
940 3933 985 3986 55.

234 4006 301 4081 ¹²3
325 4028 440 4099 Fragm.
460 4029 485 4093 l,
506 4046 530 4083 r.

264 4120 292 4185 't
324 4122 369 4187 tt.
390 4104 462 4178 on.
483 4127 570 4179 carro.
592 4127 615 4188 ι,
637 4127 668 4176 ts
685 4137 758 4181 exii.
