2580 4756
619 334 660 398 16

134 516 199 602 pic
217 533 296 578 vero
317 523 350 576 et
372 507 535 578 Rutilius
561 511 673 578 multo
700 515 807 578 etiam
831 515 972 604 magis.-
989 537 1141 603 quorum

136 631 203 698 ille
221 630 404 720 judicium
435 630 693 719 reformidans,
727 631 931 700 Pomtinis
957 637 1015 700 ait
1046 659 1084 701 ee
1109 648 1142 707 et

138 750 357 824 conmittis
378 761 411 814 et
430 745 564 815 &culis
580 750 768 816 scriberet.
790 751 827 818 P.
849 749 1038 837 Scipionem
1049 755 1142 820 Ant-

138 887 258 932 canum
280 866 442 932 minorem
466 879 499 931 et
524 866 561 934 P.
583 867 746 933 nuntium
762 867 890 935 Rnfirm
913 869 971 934 bic
991 872 1145 938 videmus

137 985 337 1071 conjunctim
359 999 577 1064 memoratos,
608 1007 752 1073 quorum
770 986 914 1055 amicitia
935 989 971 1054 in
983 989 1144 1075 Hispani·

136 1103 203 1170 ensi
236 1103 437 1189 expeditione
463 1105 505 1170 ad
534 1104 747 1171 Numantiam
778 1107 950 1173 fruebatur
982 1109 1141 1178 Lucilius.

136 1219 243 1309 Scipio
263 1235 375 1288 autem
396 1223 536 1290 triennio
551 1237 725 1311 postquam
750 1224 1010 1310 triumphaverat
1027 1250 1142 1294 exces-

136 1342 178 1407 sit
188 1363 207 1408 e
217 1342 296 1410 vita.
318 1342 432 1430 Itaque
442 1354 517 1408 ante
528 1344 596 1429 ejus
607 1357 749 1410 mortem
766 1344 808 1409 ab
818 1346 958 1410 durante
969 1345 1057 1413 bello
1066 1349 1139 1433 jam

138 1460 358 1551 periclitatum
377 1459 545 1549 ingenium
568 1462 664 1528 fuisse
685 1468 818 1549 poetam
841 1464 1055 1530 manifestum
1078 1481 1138 1532 est.

179 1579 325 1646 Tertiam
335 1579 557 1645 difficultatem
568 1581 694 1667 primus
706 1582 811 1648 movit
825 1582 982 1670 Varges.
1006 1582 1141 1650 Memo-

136 1711 190 1765 rat
220 1697 327 1776 enim,
356 1721 376 1764 a
404 1696 611 1764 Macrobio2
653 1697 693 1766 C.
717 1699 861 1779 Titium,
890 1701 968 1788 legis
993 1701 1140 1771 Fanniae

135 1837 320 1897 suasorem,
350 1821 469 1884 cirum
491 1821 621 1884 aetatis
639 1817 849 1887 Lucilianae
870 1821 1036 1906 appellari.
1077 1821 1140 1887 Le·

137 1957 213 2022 gem
236 1920 349 2002 autem
369 1937 529 2003 Fanniam
543 1960 621 2004 cum
646 1941 710 2004 593
737 1936 830 2029 (161)
854 1940 955 2004 latam
972 1961 1036 2004 esse
1057 1961 1140 2006 con·

137 2067 199 2119 stet
221 2054 257 2132 3,
279 2076 399 2121 noram
416 2057 491 2121 inde
509 2057 744 2122 dubitationem
764 2058 804 2122 de
825 2058 978 2122 hactenns
998 2058 1141 2143 probata

138 2172 253 2237 Lucilii
281 2153 384 2238 aetate
405 2172 482 2237 oriri
513 2173 617 2238 sensit.
662 2172 790 2239 Verum
812 2173 867 2238 hic
890 2174 1023 2259 quidem
1045 2177 1141 2244 solito

139 2312 203 2358 esse
230 2291 414 2357 breviorem
433 2292 574 2359 eundem
591 2292 749 2358 dolemus.
768 2288 888 2358 Scribit
909 2274 1018 2357 enim:
1044 2320 1063 2361 a
1078 2317 1140 2361 ve-

137 2431 216 2476 rum
246 2411 309 2476 hoe
339 2430 398 2496 per
427 2430 461 2475 se
487 2410 594 2476 solum
620 2414 662 2477 ad
685 2411 907 2499 denegandam
932 2411 1073 2479 Eusebio
1092 2412 1141 2488 fi·

136 2531 212 2595 dem
234 2550 353 2614 parum
377 2531 483 2596 valere
505 2540 611 2614 petet,
634 2529 826 2614 praesertim
846 2552 922 2596 cum
944 2531 1032 2596 idem
1049 2531 1140 2602 Titi·.

136 2669 174 2716 us
194 2685 240 2699 —
260 2671 328 2716 non
356 2649 445 2733 enim
476 2647 518 2715 ab
538 2648 594 2714 illo
612 2648 741 2714 differre
761 2648 888 2715 videtur
909 2650 1022 2715 —ita
1044 2673 1141 2731 com-3

136 2782 339 2835 memoretur
372 2791 393 2834 a
426 2767 579 2835 Cicerone
604 2768 719 2859 (Bruto
743 2764 817 2854 45),
847 2781 885 2833 ut
909 2768 1140 2838 existimandus

136 2886 177 2950 sit
207 2886 350 2951 maxime
368 2885 512 2951 floruisse
540 2888 647 2952 seculo
668 2885 891 2971 insequenti.»
938 2887 1001 2951 Res
1022 2902 1141 2980 tamen

137 3003 236 3092 digna
259 3016 322 3082 est,
352 3024 435 3090 quae
466 3005 563 3088 paulo
588 3005 767 3071 accuratius
793 3004 1024 3093 investigetur,
1049 3010 1139 3093 qnod

136 3124 242 3187 facere
265 3121 438 3201 decuisset,
462 3122 520 3208 qui
547 3122 581 3188 in
605 3123 737 3210 singulis
757 3124 958 3208 explorandis
974 3128 1139 3209 praeclare

137 3254 279 3308 versatus
306 3253 391 3308 erat.

181 3358 261 3446 Quis
300 3361 399 3426 fuerit
441 3358 480 3426 C.
520 3359 625 3424 Titius
656 3358 822 3426 Macrobio
847 3361 1014 3440 laudatus,
1060 3387 1139 3430 cum

137 3571 414 3591 W

171 3724 183 3761 r
221 3709 266 3760 De
282 3707 347 3760 Fen.
364 3705 391 3772 Ι,
408 3706 437 3773 5,
455 3726 483 3778 7·

162 3821 188 3858 a
223 3806 340 3858 Satura·
358 3800 404 3869 11.
422 3819 465 3859 ta·

169 3902 188 3955 5
222 3900 291 3958 uam
308 3901 341 3956 C·
361 3899 538 3955 Fannius
554 3918 611 3954 cam
628 3903 720 3956 conen!
734 3904 819 3971 tulit,
848 3922 929 3974 quem
952 3907 1139 3974 magistratum

137 3998 218 4065 gessit
235 4016 288 4063 eo,
308 4016 388 4067 quem
407 3995 604 4062 indicavimus,
627 4015 705 4054 enno.
723 4001 772 4053 Pl
781 4001 792 4052 i
803 4019 830 4053 n.
852 4005 890 4054 H.
915 4004 953 4057 N.
976 4002 1014 4070 X,
1027 4002 1071 4058 50.
1093 4002 1138 4058 Cf.

138 4101 163 4151 0
173 4119 187 4152 r
197 4098 234 4151 el
243 4099 265 4153 l.
293 4101 389 4150 Onom.
410 4096 485 4149 Tull.
503 4095 560 4160 lli,
579 4097 638 4165 273.
