2580 4756
706 347 707 350 Ὺ
972 245 1000 328 4

651 351 715 410 264

190 528 230 588 ad
250 526 412 607 liquidum
434 525 562 586 videtur
586 527 789 605 perduxisse,
805 548 887 608 quac
908 528 1080 592 contrariis
1092 531 1191 594 erudi-

191 655 303 704 torum
326 641 489 704 sententiis
519 644 625 704 adhuc
657 644 780 705 incerta
811 644 1017 706 fluctuabant
1030 644 1058 709 ¹.
1095 645 1191 728 Quam

192 761 249 822 ubi
270 763 430 844 legeram,
455 781 645 840 persuasum
664 760 745 821 mihi
764 760 945 836 habebam,
969 762 1080 825 minus
1093 785 1191 848 gram·

189 875 299 939 malici
320 875 494 957 prudentia
517 896 619 957 quarn
645 874 746 937 critici
764 875 886 956 judicio
911 889 944 938 et
965 878 1137 961 sagacitate
1148 899 1190 941 re

189 1013 265 1053 rum
289 991 519 1055 obscuritatem
545 991 696 1062 illustrari
721 1011 826 1072 posse:
852 992 975 1073 quippe
1000 1014 1107 1076 quum
1126 1007 1190 1062 ante

188 1110 283 1171 illum
318 1108 454 1191 plurimi
488 1121 656 1171 accuratae
689 1108 855 1171 doctrinae
890 1102 958 1172 ¹'viri
993 1109 1027 1176 in
1064 1114 1188 1176 eandem

189 1227 410 1315 quaestionem
442 1225 661 1288 incubuissent
686 1237 719 1288 ct
737 1225 930 1308 sententiam
961 1226 1127 1302 tulissent,
1157 1250 1189 1291 ex

188 1366 287 1414 sana,
311 1357 349 1406 ut
372 1343 553 1416 videbatur,
579 1356 728 1405 veterum
748 1355 919 1406 auctorum
932 1343 1189 1425 interpretatione

188 1462 369 1542 profectam
402 1461 646 1541 eorundemque
680 1458 873 1522 auctoritate
903 1461 1048 1535 fultam,
1077 1483 1186 1526 novam

188 1576 312 1643 invenit
345 1575 514 1646 Hermann
547 1576 726 1656 explicandi
766 1576 875 1650 viam,
913 1589 982 1639 tam
1014 1577 1201 1660 simplicem,

187 1705 244 1767 ut,
268 1693 382 1776 quidni
405 1693 529 1755 ineam
550 1705 663 1774 sponte
681 1692 853 1756 inciderint
871 1693 1070 1774 superiores,
1084 1694 1187 1759 obstu-

186 1832 304 1892 pescas.
349 1809 505 1875 Versatur
529 1823 640 1873 autem
670 1810 875 1891 ponssimum
907 1810 943 1872 in
968 1804 1187 1897 distinguenda

186 1929 335 1992 Enniana
372 1937 405 1990 et
429 1927 606 1990 -Luciliana
632 1926 749 2002 satira,
783 1930 871 2010 quod
895 1927 1072 1992 discrimen
1092 1933 1185 2012 majus

185 2046 300 2125 fuisse,
325 2066 426 2127 quam
449 2042 627 2107 existimari
655 2047 790 2117 soleret,
816 2042 937 2106 docuit.
984 2045 1110 2110 Ponam
1131 2048 1187 2132 igi-

184 2175 239 2224 tur
266 2183 400 2235 eorum,
420 2183 502 2244 quae
526 2162 578 2224 ille
597 2161 777 2242 praestitit,
800 2177 991 2238 summam3
1017 2165 1185 2248 quibus‚si
1246 2224 1248 2228 Α

184 2278 263 2365 quid
291 2299 380 2342 secus
402 2279 558 2352 sentiam,
583 2282 711 2342 addam.
759 2279 845 2343 Ante
868 2293 980 2343 tamen
1011 2283 1052 2344 de
1081 2283 1183 2349 satirae

183 2393 305 2478 origine
323 2393 445 2476 aliquid
467 2397 670 2472 monendum
695 2397 835 2462 videtur.

227 2510 397 2576 Saturam
429 2515 563 2576 fuerunt
596 2526 629 2576 et
659 2527 736 2577 sunt
768 2515 824 2596 qui
846 2537 865 2577 a
887 2515 1016 2580 Graeco
1036 2519 1182 2582 vocabulo

182 2633 361 2698 derivatam
396 2645 535 2714 putent;
569 2631 697 2697 Vossius
718 2654 737 2695 a
756 2640 892 2716 σατήορα
911 2635 931 2698 i.
957 2657 988 2717 e..
1012 2643 1113 2719 σκάφη
1134 2641 1184 2722 (lo-

181 2755 299 2833 τρύων,
324 2750 515 2814 Doederlein
536 2750 577 2812 ab
606 2751 757 2832 oldricus,
782 2753 871 2832 quod
894 2773 912 2813 a
934 2760 1065 2836 θορεῖν,
1088 2756 1183 2836 θρώσ-

131 2904 140 2919 .
180 2868 364 2948 ustrpeti13
389 2868 477 2930 idem
501 2879 646 2930 saturam
669 2867 777 2947 primi
802 2847 1038 2951 significatione
1061 2891 1183 2952 compa-

181 2997 233 3062 rat
257 3005 333 3048 cum
356 2987 510 3071 ψαθυρὰ,
535 2983 727 3066 protropo&
753 2983 938 3048 Malorum
961 2988 1029 3050 aliis
1054 2989 1182 3051 arbitra·

179 3103 227 3174 ri,
249 3122 316 3162 non
338 3121 401 3163 esse
428 3100 567 3162 verbum
592 3099 776 3174 Graecum,
807 3103 861 3165 sed
884 3104 1021 3205 antiquo
1041 3125 1182 3168 sermone

179 3214 297 3278 Latino
318 3213 466 3296 primum
495 3214 687 3298 significasse
711 3217 775 3279 cibi
797 3240 897 3302 genus
922 3241 960 3282 ex
981 3222 1077 3286 variis
1096 3222 1182 3286 rebus

180 3333 360 3404 conditum,
410 3329 555 3397 «Satura
577 3345 639 3406 est,
668 3333 712 3396 ait
736 3334 857 3410 Varro,
882 3336 939 3399 ubi
960 3357 1024 3401 uva
1047 3349 1183 3421 passast

178 3454 309 3533 polenta
332 3465 364 3517 et
388 3453 494 3519 nuclei
524 3450 609 3544 pinei
633 3472 672 3513 ex
698 3455 804 3515 mulso
833 3456 1011 3538 conspersi:
1048 3461 1182 3532 adhaec

181 3653 459 3688 *⁶⁸*-

198 3777 225 3825 7ι
268 3762 297 3810 0.
327 3763 359 3811 F.
386 3771 591 3817 Hermann
619 3769 701 3834 Disp.
729 3767 761 3818 de
779 3769 887 3820 satirae
908 3770 990 3819 Rom.
1020 3779 1182 3822 auctorees

178 3857 320 3922 sententia
336 3861 406 3908 Hor.
428 3861 517 3911 Serm.
536 3861 562 3921 1,
584 3878 627 3923 ro,
648 3862 691 3917 66,
711 3861 853 3928 illarburgi
874 3864 950 3914 1841.

214 3969 229 4001 ²
271 3953 379 4013 Vm·
409 3955 500 4020 Elym.
539 3959 657 4026 Vulp.
675 3961 706 4009 de
725 3970 781 4014 sal.
801 3964 907 4027 Lat.p
935 3961 961 4012 4.
994 3957 1180 4012 Doederl·

179 4049 245 4111 kal.
272 4048 421 4123 Synonym.
443 4042 482 4099 Vl
504 4039 608 4120 p‚519,
1028 4055 1031 4058 ’
