2580 4756
716 371 777 452 sos

236 568 551 654 quantoperc·lruie
588 569 697 652 inepto
727 569 911 651 insulsoque
938 567 1047 632 studio
1078 568 1241 634 indulserit

233 686 397 763 Lucilius,
419 686 508 771 quod
543 689 584 751 ad
607 685 822 749 imitationem
845 684 1024 770 quotidiani
1035 687 1194 751 sermonis
1208 709 1241 751 ac

232 807 316 870 vitae
337 806 520 870 communis
541 804 733 889 pertinuisse
754 803 878 870 censuit
899 802 1111 870 Caeaubonus
1124 804 1151 871 ¹.
1184 804 1240 871 Sed

231 922 281 988 isti
302 937 339 988 ut
367 925 615 1007 pervincerent,
639 922 801 987 laudabile
823 924 891 1007 ejus
912 923 1007 987 fuisse
1028 937 1062 987 et
1082 945 1240 1010 perquam

230 1056 403 1108 venustum
425 1043 624 1118 artificium,
647 1041 723 1106 vina
740 1040 844 1105 mixta
864 1055 1059 1125 crepuerunt
1080 1042 1237 1108 dicentes:

413 1200 459 1212 -
483 1158 534 1226 At
561 1184 672 1226 sermo
694 1162 822 1249 lingui
843 1162 1029 1225 concinitas
1049 1165 1202 1250 atraque

271 1279 443 1358 Saevior,
468 1294 509 1346 ut
537 1282 622 1346 Chic
642 1292 723 1345 ncta
746 1283 781 1345 si
804 1283 993 1345 commixta
1014 1280 1166 1346 Falerni
1180 1293 1237 1347 ast.

228 1400 267 1464 In
303 1401 421 1486 quibus
454 1401 744 1466 animadvertenda
774 1414 821 1464 est
856 1420 918 1464 tox
941 1403 1154 1478 concinnae,
1177 1422 1236 1486 qua

226 1542 304 1586 curn
330 1520 433 1596 nihil,
466 1533 625 1603 utsupra
644 1519 833 1594 docuimus,
854 1541 873 1583 a
894 1518 1009 1582 Lucilii
1025 1520 1115 1602 poesi
1137 1520 1238 1606 magis

225 1638 367 1702 alienum
389 1651 491 1715 esset,
514 1638 653 1703 studiose
674 1659 748 1703 usus
773 1651 841 1715 est,
865 1650 903 1702 ut
915 1637 1061 1721 ineptam
1074 1637 1234 1703 licentiam

224 1757 418 1840 ineptiorem
442 1759 601 1822 redderet.

269 1874 346 1939 Tale
370 1874 495 1940 Horatii
514 1874 675 1959 judicium
693 1876 733 1938 de
755 1873 1139 1958 antiquiorepodtafuit,
1162 1876 1231 1940 lon-

223 2015 264 2080 ge
286 1993 419 2078 quidem
435 1994 585 2058 dissimile
597 1993 810 2060 Varroniano.
845 1991 918 2057 Non
936 1993 1023 2057 enim
1035 1995 1230 2081 gracilita-

224 2114 275 2176 tis
286 2115 473 2195 exemplum
484 2158 493 2187 ,
506 2114 561 2176 sed
570 2112 815 2200 garrulitatis
827 2112 869 2176 ab
887 2110 1078 2178 cohabitas.
1103 2113 1229 2179 Verun-

223 2243 334 2294 tamen
368 2230 425 2294 etsi
451 2230 616 2294 liberrime
645 2229 838 2294 sententiam
871 2243 1064 2314 provocatus
1089 2232 1225 2307 tulisset,

224 2348 366 2434 ingenue
400 2361 513 2412 temen
545 2347 644 2412 simul
672 2348 831 2412 inventori
847 2348 962 2413 satirae
974 2370 1008 2412 se
1030 2351 1226 2435 postposuit,

223 2468 315 2551 cujus
336 2465 439 2554 infra
461 2468 642 2555 ingenitam
665 2480 753 2542 esset,
768 2488 868 2552 quem
880 2479 1099 2554 sequeretur,
1116 2470 1228 2555 cuique

223 2587 392 2650 detrahere
416 2606 483 2651 non
505 2588 639 2650 auderet

265 2704 458 2770 haerentem
480 2707 595 2792 sopiti
616 2703 731 2769 malta
755 2727 833 2769 cam
857 2705 958 2769 laada
981 2705 1182 2772 corciram&

264 2821 418 2908 Sequitur
442 2823 673 2899 Petronius,
698 2823 755 2907 qui
780 2823 814 2886 in
834 2821 970 2888 Satirico
991 2829 1092 2890 semel
1114 2823 1223 2890 Lucilii

220 2941 423 3005 mentionem
444 2941 521 3005 fecit
538 2961 576 3005 eo
599 2944 689 3016 loco,
710 2940 768 3004 uhi
789 2943 938 3026 queritur
953 2946 993 3008 de
1009 2944 1058 3008 sui
1072 2942 1224 3028 temporis

219 3059 407 3142 disciplina,
432 3080 533 3143 quem
552 3081 652 3142 supra
667 3059 891 3154 descripsimus
904 3060 931 3126 3.
967 3058 1152 3127 Scotusam
1173 3084 1224 3126 ex·

217 3177 325 3262 posuit
350 3177 461 3241 Festus
495 3202 513 3243 «
527 3198 627 3262 genus
651 3178 770 3265 navigii
790 3179 968 3258 inconditi,
991 3181 1140 3247 trabibus
1156 3195 1224 3247 tan·

217 3309 291 3361 tum
310 3296 396 3360 inter
424 3316 457 3359 se
485 3295 634 3360 connexis
655 3296 731 3360 facti
744 3341 753 3373 ,
767 3317 835 3382 quo
851 3298 1065 3364 mercimonia
1081 3300 1224 3366 circum·

218 3420 330 3482 ferunt
348 3427 421 3500 post
451 3414 601 3478 amissam
632 3437 761 3482 navem.
804 3413 975 3504 (Lucili)us
1000 3404 1224 3505 quoquepod’·

218 3547 309 3600 mata
327 3547 360 3599 et
381 3554 489 3600 versus
506 3580 515 3610 ,
533 3554 600 3598 non
621 3534 694 3599 satis
712 3535 848 3618 perfecti
869 3536 1064 3622 quiessent,
1079 3540 1224 3623 appella-⁰

219 3653 266 3718 vit
279 3652 416 3720 schedia
430 3698 438 3728 ,
451 3673 529 3716 cum
546 3651 643 3717 dixit:
667 3655 731 3741 qui
748 3653 924 3720 schedium
944 3652 1087 3741 faciant
1104 3660 1222 3723 incoa-

252 3991 264 4028 t
303 3976 347 4024 De
367 3974 464 4041 Salyr.
478 3972 561 4041 poesi
576 3987 604 4039 p·
622 3973 682 4042 278.

251 4087 268 4123 2
306 4072 368 4121 Sat.
388 4068 422 4133 l,
444 4081 491 4132 to,
509 4066 555 4124 48.
590 4067 632 4134 11,
654 4085 680 4134 1,
698 4069 744 4136 dd,
762 4069 805 4140 75.

250 4168 268 4220 5
300 4173 331 4236 p,
347 4167 391 4238 87·
