2580 4756
606 337 672 400 274

129 529 250 581 'tuenta
271 515 475 599 permultum
497 525 628 596 tempus
650 513 775 576 Romae
798 511 958 597 viguisse,
982 509 1143 596 utrimque

64 703 67 709 ,
138 634 302 717 scriptoris
316 631 500 696 testimonio
523 642 659 695 constat.
683 629 831 695 Valerius
843 631 933 695 enm
942 630 1048 707 dicit,
1064 653 1144 717 pots·

142 753 248 815 latim
271 748 391 814 deindo
413 751 453 812 ad
476 762 663 812 suturarum
688 750 802 811 modos
832 751 1048 834 perrepsim
1068 748 1143 812 ludi·

141 891 232 934 cram
269 881 392 943 artem3
431 866 542 930 Livius
562 885 662 942 vero,
689 886 763 928 rem
790 867 930 950 saepius
950 864 1142 951 usurpando

139 986 314 1050 excitatam
339 986 443 1048 fuisse.
490 980 571 1046 Satis
592 996 740 1046 accurate
764 983 852 1058 hinc,
872 983 1058 1065 quamdiu
1081 984 1141 1047 exi·

139 1104 210 1188 guis
237 1101 356 1164 finibus
388 1103 458 1164 leve
494 1100 672 1164 artificium
708 1099 999 1182 circumscriptum
1028 1100 1140 1165 steterit

140 1233 215 1305 ante
236 1240 338 1303 quam
367 1217 478 1302 aliqua
497 1218 679 1302 progressio
700 1231 911 1294 cerneretur,
934 1217 1139 1304 significetur.

140 1336 237 1422 Quod
268 1357 346 1400 vero
376 1335 520 1399 traditu-r
548 1347 630 1420 past
650 1334 796 1421 aliquot·
811 1358 923 1399 onmes
948 1336 1062 1400 livius
1077 1338 1139 1402 siu-

139 1453 290 1518 dronicus
313 1452 505 1526 instituisse,
529 1473 598 1516 non
620 1473 659 1517 eo
679 1455 765 1518 ualet
778 1465 815 1516 ut
827 1466 1004 1537 putemus,
1025 1467 1137 1536 tempo·

140 1568 184 1634 ris
207 1570 350 1653 spatium
369 1569 516 1645 indicari,
529 1565 1046 1654 intra-quoduemaouliartifiocs
1057 1569 1137 1634 exsti·

139 1689 249 1754 terint.
285 1686 409 1752 Contra
432 1686 575 1752 historici
595 1688 755 1752 sententia
777 1691 857 1752 haee
884 1701 954 1755 est:
976 1701 1136 1772 postqum

139 1827 199 1888 per
227 1806 352 1889 aliquot
383 1825 483 1869 annos
516 1805 721 1869 Andronicus
743 1805 927 1870 instituerat
949 1815 1136 1891 argumanto

139 1914 287 1988 fabulam
310 1945 438 2000 serere,
458 1923 573 1988 accidit
596 1936 654 2000 ut,
674 1924 789 1991 obtusa
808 1945 906 2000 voce,
929 1932 1072 2007 piretum
1085 1924 1138 1988 ad·

137 2041 277 2106 biberet.
324 2039 434 2126 Quare
466 2041 588 2105 erravit
613 2039 741 2116 Munk,
774 2041 832 2125 qui
856 2041 967 2124 paucis
998 2055 1071 2106 ante
1089 2041 1138 2104 Li·

51 2178 53 2180 ·
137 2158 231 2222 vium
253 2157 482 2224 Andronicum
505 2159 734 2223 annisllomae
756 2170 842 2225 ortos
860 2179 925 2223 esso
943 2158 1138 2224 satirasexis·

137 2274 290 2348 rimavit,
314 2296 424 2358 neque
453 2274 694 2338 assentiendum
722 2276 753 2340 ei
772 2277 930 2340 statuenti
960 2277 1136 2351 Romanos,

136 2389 194 2474 (sui
233 2389 321 2454 bello
349 2387 471 2453 Punico
503 2389 616 2472 primo
639 2391 674 2453 ia
695 2389 821 2456 Siciliae
842 2393 981 2462 urbibus
1002 2395 1136 2459 delectati

136 2509 272 2573 fuissent
299 2507 459 2598 similibus
490 2509 701 2591 spectaculis,
721 2510 848 2574 Romae
871 2532 952 2592 paoe
971 2511 1137 2594 composita

137 2626 287 2710 urbeque
318 2625 431 2689 multis
448 2624 565 2708 opibus
583 2629 780 2710 locupletata
800 2628 895 2692 rudia
911 2646 971 2694 sua
983 2624 1137 2695 amissos·

137 2744 228 2808 nicae
258 2746 421 2807 elementa
447 2746 488 2808 ad
514 2744 647 2808 illorum
670 2747 809 2811 modum
826 2744 1002 2825 effinxisse3
1025 2747 1137 2832 quippe

137 2853 243 2943 quum
261 2863 349 2942 apud
369 2859 491 2925 Siculos
510 2862 639 2945 jamdiu
661 2862 796 2927 mimica
807 2864 969 2929 cavillatio
982 2887 1060 2929 cum
1068 2885 1137 2929 ean·

137 2989 174 3040 tu
205 2989 241 3040 et
264 2977 433 3041 saltatione
455 2978 489 3040 in
508 3000 602 3042 scena
624 2979 732 3042 inisset
744 2977 769 3044 1.
816 2980 973 3064 Ineptum
996 2983 1137 3046 enimes·

135 3106 183 3156 set
219 3106 356 3174 putare,
389 3115 447 3174 per
481 3095 648 3180 integrum
677 3097 824 3160 seculum
846 3109 879 3160 et
900 3101 991 3181 quod
1006 3097 1138 3163 excurrit

75 3280 82 3289 ‚
136 3208 231 3271 rudia
267 3209 322 3271 illa
349 3210 512 3272 elementa
548 3211 705 3295 viguisse,
737 3234 797 3278 nec
828 3213 888 3279 nisi
920 3229 997 3298 post
1016 3229 1137 3281 tantum

137 3327 295 3410 temporis
315 3328 525 3392 intervallum
544 3332 723 3396 vernaculis
745 3332 923 3398 artificibus
943 3335 994 3398 uti
1012 3326 1137 3419 coepisse

136 3445 321 3511 Romanos·
357 3444 474 3529 Itaque
497 3439 602 3530 quum
630 3461 776 3524 constet,
800 3447 1030 3517 Andronicum
1052 3452 1136 3515 fabu-

134 3563 202 3624 lam
223 3563 372 3643 primum
398 3563 541 3628 docuisse
564 3585 593 3628 a.
608 3566 673 3628 514
699 3563 793 3651 (2405
806 3611 814 3641 ‚
838 3586 899 3648 par
921 3577 970 3630 ost
996 3585 1157 3642 censere‚·

134 3676 258 3759 aliquot
289 3679 380 3742 annis
413 3689 486 3762 post
508 3703 584 3744 eum
609 3681 739 3747 reniam
760 3683 1019 3783 illam‘petiisse,
1043 3704 1134 3769 quam

133 3880 413 3898 Ἣ

167 4034 177 4068 1
218 4019 269 4084 Op.
290 4016 309 4069 l.
333 4035 362 4084 [ι.
382 4019 423 4069 16.
