2580 4756
688 320 751 382 118

216 496 333 575 literis;
358 497 436 583 quia
452 496 598 562 licentius
621 496 746 582 antiqui
766 511 797 562 et
822 497 890 582 ipsa
909 496 1002 582 quasi
1015 520 1077 583 pro
1089 499 1221 585 liquenti

214 616 410 692 utebantur,
446 616 609 682 inerudita
631 619 737 681 adhuc
758 616 926 694 novitate,
950 620 1041 703 quod
1064 619 1223 703 posterio-

215 753 265 799 res
288 739 402 817 poetae
422 755 489 799 non
514 736 691 801 feruntl.»
715 734 964 802 Diomedes:
989 735 1221 804 «Communi-

216 865 279 917 um
304 855 504 940 syllabarum
537 855 626 919 modi
656 868 733 921 sunt
760 869 897 939 septem.
920 847 965 905 ⁴..
988 855 1135 941 Quartus
1156 872 1220 935 est,

216 994 293 1037 cum
311 986 495 1057 correptam
519 976 663 1039 vocalem
684 976 766 1038 duae
790 987 1002 1039 consonantes
1023 990 1219 1061 sequuntur,

217 1112 360 1175 quarum
383 1092 474 1176 prior
499 1107 580 1157 ests
600 1092 711 1169 litera,
734 1114 817 1177 quae
839 1092 980 1180 syllabae
990 1094 1118 1159 ratione
1129 1116 1221 1160 oom-

216 1209 343 1288 munis,
378 1212 468 1276 velut
490 1210 600 1274 sibilus
620 1209 745 1294 posita,
778 1210 846 1275 vim
868 1211 1072 1277 consonantis
1093 1213 1220 1279 amittit.

214 1325 387 1392 Interdum
415 1328 504 1392 enim
531 1328 731 1411 liquidarum
761 1342 870 1393 mutat
892 1332 1010 1416 legem.
1057 1328 1220 1414 Siquidem

213 1445 286 1510 illae
306 1446 497 1531 subjunctae
517 1447 618 1511 mutis
638 1460 814 1532 utramque
831 1461 1025 1531 potestatem
1044 1450 1221 1532 possident.

214 1566 294 1630 haec
321 1587 398 1630 vero
424 1566 608 1649 plurimum
626 1566 686 1630 sihi
710 1566 865 1632 defendit.
910 1565 984 1632 Non
1007 1566 1098 1632 enim
1120 1571 1220 1634 solum

213 1682 448 1770 subjungitur,
483 1705 600 1748 verum
638 1683 736 1748 etiam
772 1685 936 1748 contraria
967 1687 1154 1769 praeposita
1180 1687 1223 1751 lo·

213 1823 252 1867 oo
270 1802 411 1887 liquidae
438 1802 607 1888 fungitur,
634 1815 672 1866 ut
693 1815 739 1868 est
761 1840 806 1850 —
829 1805 917 1886 apud
937 1803 1139 1870 Lucillium:
1163 1804 1220 1870 Irr-

205 1919 366 2008 forrtilm’
385 1924 512 2006 porois
523 1919 550 1986 2.
565 1941 583 1982 n

258 2039 385 2104 Tertius
406 2039 554 2104 licentiae
574 2043 690 2105 modus
712 2054 760 2105 est
774 2041 1093 2108 literoedctroctio.
1125 2043 1222 2111 Var-

213 2178 279 2221 ro:
318 2182 336 2223 «
352 2158 390 2221 ln
410 2158 560 2240 pluribus
581 2158 748 2224 verbeisa
778 2174 853 2224 ante
879 2183 896 2224 e
920 2160 973 2226 alii
998 2176 1152 2245 ponunt,
1173 2162 1220 2228 alii

212 2296 301 2338 non:
331 2276 385 2339 alii
419 2275 524 2340 Plauti
546 2275 848 2355 Foeoerotricem‚
873 2279 926 2344 alii
948 2278 1218 2360 Feneratricem

213 2417 252 2460 ac
270 2394 383 2459 rustici
408 2393 558 2478 Pappum
581 2394 757 2471 Mecium,
789 2418 856 2461 non
873 2397 1058 2464 Maesium.
1105 2399 1220 2487 aquo

214 2513 355 2579 Lucilius
374 2514 507 2580 scribit:
534 2514 684 2579 Cecilr'us
700 2527 824 2602 pretor
843 2539 884 2580 rte
905 2520 1063 2584 rusticor
1074 2517 1151 2604 flat
1165 2521 1217 2586 ³³.»

213 2633 313 2718 A'pud
343 2634 582 2701 Diomedem
615 2638 755 2700 secunda
788 2650 834 2700 est
866 2636 1071 2701 detractionis
1095 2640 1221 2722 species.

213 2752 264 2821 Ila
285 2755 359 2818 ille:
394 2780 412 2820 «
425 2768 463 2818 ut
481 2754 507 2818 si
530 2753 602 2840 quis
625 2757 770 2819 detracta
791 2778 810 2818 a
830 2756 924 2820 litera
939 2769 1088 2844 praetor
1113 2755 1219 2834 dicat.

210 2885 249 2936 ut
272 2871 431 2937 Lucilius:
458 2872 588 2937 Precor·
601 2895 642 2936 ree
659 2876 807 2938 rustico’
821 2872 918 2960 fiat,
943 2897 1021 2939 curn
1042 2877 1161 2942 debeat
1182 2899 1216 2941 ae

211 2991 420 3074 pronunciari
438 3003 584 3077 praetor
598 3035 608 3068 ,
627 2993 682 3055 sed
695 3006 877 3058 structurae
890 2993 995 3079 gratia
1004 2995 1132 3080 syllaba
1144 2999 1217 3061 lon-

213 3131 256 3196 ga
279 3108 455 3190 corripitur
469 3107 496 3175 4.
511 3129 528 3170 p
564 3108 657 3172 Idem
680 3110 911 3176 animadvertit
931 3113 965 3175 in
978 3113 1106 3179 Lucilio
1130 3114 1222 3183 Con·

215 3226 384 3293 sentius
399 3253 405 3288 :
432 3251 450 3293 «
463 3225 580 3291 Poetae
597 3224 721 3291 faciunt
732 3232 970 3314 metaplasmos,
993 3253 1071 3295 cum
1085 3233 1146 3317 ipsi
1155 3236 1220 3319 jam

212 3347 409 3432 scripturam
437 3345 629 3430 relinquunt
657 3362 867 3433 corruptam,
893 3365 930 3416 ut
954 3366 1001 3416 est
1021 3350 1220 3442 Relliquioe

215 3463 383 3534 Danaum
398 3501 444 3515 -
459 3465 582 3531 addidit
605 3465 694 3532 enim
713 3489 814 3533 unam
835 3469 964 3534 literam
976 3490 1036 3555 per
1053 3476 1219 3558 metaplas-

252 3768 266 3807 1
301 3754 346 3804 De
361 3762 418 3804 rat.
436 3762 590 3804 metrorum
608 3755 777 3824 (hindam.
797 3758 880 3827 Corp.
902 3761 1026 3818 Gramm.
1047 3764 1072 3831 l,
1092 3766 1167 3837 293).

250 3864 268 3902 a
302 3849 701 3919 nino.0p.1.1lp.424.

251 3945 270 3999 5
303 3946 348 3996 De
366 3946 400 3997 D.
421 3947 455 4000 D.
475 3943 608 4016 Vll,96
629 3948 724 4017 ibique
740 3948 882 4004 Mulier.
954 4000 960 4010 ,

250 4041 269 4096 4
302 4043 417 4100 sind.
441 4044 493 4111 Op.
515 4042 535 4094 1.
549 4042 618 4109 llp.
634 4042 697 4114 447.
717 4045 898 4119 Ducibfr.
917 4052 972 4107 inc.
991 4072 1036 4125 97.
