2580 4756
679 397 742 461 1'04

265 579 362 668 Quid
384 588 475 644 octat
494 589 524 642 st
545 589 696 655 uosmet,
721 576 840 641 Lucus
863 572 1000 663 scripto
1026 574 1195 665 legentes,

264 699 434 787 Quaerere
456 721 539 762 uum
560 697 685 774 illius,
703 719 787 760 uum
803 717 921 762 rerum
941 695 1033 761 duro
1051 698 1194 786 negarit

266 817 468 884 Versiculos
492 828 625 881 actura
646 819 764 904 magis
780 813 901 902 suctos
920 826 951 878 et
965 826 1082 879 cuntes

264 936 439 1012 Mallius,
459 958 498 999 ac
521 938 555 999 si
579 937 675 1020 quis,
691 933 835 1021 pedihus
848 932 936 1020 quid
951 933 1113 998 claudere
1126 927 1242 1011 settis,¹

262 1056 333 1120 Iloo
358 1068 512 1130 tautum,
534 1066 726 1131 aculeatus,
751 1064 842 1118 emet
864 1056 1050 1141 scripsisse
1070 1052 1223 1119 ducentos

264 1175 356 1240 Ante
377 1174 492 1239 cibum
515 1196 655 1251 versus,
680 1172 824 1237 totidem
846 1175 1104 1239 coenatus—¹.

224 1294 364 1360 Causam
393 1294 496 1381 igitur
530 1291 638 1376 posuit
671 1306 728 1357 aut
761 1291 797 1356 in
817 1296 932 1376 politae
953 1291 1052 1376 ipsius
1073 1292 1223 1378 ingenio,

221 1426 278 1478 aut
300 1413 436 1477 indura
458 1433 572 1476 rerum
593 1425 720 1477 natura.
744 1408 818 1494 Qua
828 1411 914 1495 'quid
926 1411 1062 1497 intelligi
1078 1411 1224 1502 deberet,
1249 1480 1251 1485 .

220 1553 287 1597 non
305 1532 395 1597 dubii
409 1534 580 1595 haeserunt
598 1530 790 1612 interpretes
805 1576 813 1606 ,
827 1532 866 1593 de
879 1551 994 1594 earum
1007 1547 1134 1606 rerum,
1153 1550 1225 1615 quas

220 1652 347 1734 scripsit
370 1650 536 1726 Lucilius,
558 1647 747 1715 difficultate
771 1648 966 1732 explicantes
979 1647 1006 1713 ².
1053 1647 1156 1733 Quasi
1177 1649 1226 1712 illa

221 1791 335 1834 rerum
352 1768 637 1833 describendarum
662 1781 780 1831 natura
792 1765 855 1831 alic
879 1767 989 1831 fuisset
1006 1766 1135 1832 Lucilio
1149 1812 1159 1846 ,
1171 1767 1226 1832 alia

222 1888 357 1952 Horatio
391 1888 567 1971 ceterisque
593 1886 767 1950 satirarum
793 1884 1019 1968 scriptoribus.
1066 1886 1227 1970 Ineptissi·

221 2028 318 2070 mum
335 2019 584 2080 commentum,
610 2007 699 2088 quod
723 2003 807 2068 ratio
831 2005 898 2087 ipsa
913 2004 1076 2088 repudiat.
1106 2005 1226 2071 Rerum
1275 2024 1278 2033 ·

221 2139 338 2189 natura
366 2139 412 2188 est
444 2138 632 2206 temporum
662 2123 766 2198 ratio,
803 2122 921 2207 quibus
957 2124 1133 2201 floruerat,
1150 2144 1227 2208 quac

222 2246 304 2307 dura
329 2241 423 2305 fuisse
442 2240 562 2305 dicitur
585 2241 606 2306 i.
621 2262 649 2304 e.
673 2240 790 2305 infesto
813 2241 959 2326 talisque,
979 2262 1063 2326 quae
1079 2242 1143 2307 stili
1156 2263 1227 2313 cou-

223 2360 414 2425 cinnitatem
435 2373 467 2423 et
484 2359 678 2444 elegantiam
703 2359 929 2446 scribendique
954 2361 1145 2445 patientiam
1164 2381 1226 2426 non

224 2479 357 2544 tulisset.
381 2475 490 2560 Atque
508 2476 552 2541 ita
571 2479 611 2541 ad
630 2477 740 2555 illam,
764 2499 867 2564 quam
889 2479 1087 2544 memoravit
1100 2477 1228 2557 Cicero,

222 2598 401 2663 doctrinae
429 2596 705 2662 mediocritatem
729 2618 943 2677 revocamur,
968 2619 1052 2683 quae
1074 2619 1116 2663 ex
1139 2598 1230 2664 disci·

221 2716 330 2804 plinae
351 2718 580 2801 bonorumque
593 2717 825 2803 magistrorum
842 2716 952 2800 inopia
962 2717 1139 2782 exstiterat.
1163 2716 1229 2783 Hoc

223 2838 313 2913 vitio,
338 2839 426 2921 quod
446 2857 623 2900 commune
646 2851 836 2920 temporum
858 2835 1002 2913 illorum,
1027 2837 1230 2902 etLuciliiin

225 2955 340 3039 primis
359 2954 538 3038 juventutis
558 2953 732 3038 proprium
756 2957 881 3031 fuerat,
915 2955 1098 3034 acciderat,
1121 2970 1160 3022 ut
1175 2976 1231 3022 m-

226 3072 297 3137 dior
321 3076 511 3155 poematum
532 3075 599 3156 ejus
623 3074 730 3135 forma
750 3095 788 3136 nc
807 3074 891 3136 ratio
908 3090 1008 3150 essct,
1028 3089 1066 3139 ut
1085 3079 1232 3162 garrulus

226 3204 259 3257 et
272 3194 372 3256 durus
389 3202 468 3254 esset
480 3209 676 3272 componere
689 3209 816 3267 versus,
828 3205 867 3256 ut
878 3195 1057 3256 lutulentus
1075 3194 1233 3261 flucrstet

225 3310 385 3377 scribendi
398 3309 580 3393 impatiens.
625 3307 710 3373 Nam
731 3310 756 3373 si
779 3311 893 3374 Lucilii
912 3322 1062 3376 naturas
1081 3327 1117 3378 et
1133 3299 1232 3406 iugo}

227 3436 288 3504 uio
310 3433 397 3497 idem
418 3431 631 3495 tribuendum
643 3431 814 3496 censuisset
827 3431 999 3510 Horatius,
1014 3433 1157 3500 scribere
1169 3456 1232 3500 non

227 3552 404 3636 potuisset,
426 3572 522 3627 eum,
540 3549 565 3614 si
583 3550 617 3614 in
638 3572 735 3615 suurn
747 3573 864 3617 aevum
881 3555 1004 3618 delatus
1017 3568 1112 3631 esset,
1131 3557 1233 3620 multa

228 3671 426 3758 detriturum
446 3670 507 3734 sibi
532 3668 637 3736 fuisse.

271 3788 436 3853 Lucilium
456 3787 606 3853 Horatius
621 3810 698 3854 cum
720 3789 846 3854 duobus
858 3791 959 3874 poetis
972 3791 1131 3857 Romanis
1142 3815 1233 3874 com·

265 4029 278 4068 t
320 4015 382 4069 Sar.
402 4014 427 4079 1,
448 4031 493 4079 ιο,
511 4015 544 4069 56
562 4035 623 4089 sqq.
651 4015 696 4068 Cf.
715 4032 774 4082 sup.
792 4034 821 4082 p.
841 4033 891 4071 100
910 4025 971 4071 not.
989 4035 1013 4071 2.

266 4132 281 4166 a
319 4113 450 4163 Comm-
474 4115 558 4183 Cruq.
575 4131 603 4180 p.
625 4112 715 4184 5991).
744 4114 797 4165 eff.
828 4118 990 4189 Doering
1015 4119 1071 4174 Ba.
1092 4122 1167 4175 Hor.
1187 4117 1228 4173 ΙΙΙ

230 4224 257 4280 p.
278 4225 339 4265 110.
368 4212 527 4265 Dintzcr
545 4212 624 4265 Kris.
645 4230 673 4264 u.
693 4210 774 4265 Eril.
793 4213 820 4266 d.
842 4215 903 4266 Sat.
925 4215 953 4266 d.
970 4218 1041 4268 Hor.
1058 4233 1087 4284 p·
1100 4216 1161 4272 261·
