2580 4756
633 307 675 369 32

147 481 382 569 antiquarium.
426 482 535 548 Aliam
559 481 811 566 explicationem
847 483 1008 568 quaesivit
1038 483 1160 554 Caseu-

147 603 252 668 bonus
266 604 298 677 ¹,
322 623 390 666 non
411 615 575 678 aetatem,
598 605 652 667 sed
675 598 864 689 argumenti
877 601 1022 686 poe'tici,
1046 604 1083 671 in
1096 628 1159 692 quo

146 745 179 787 ee
202 720 406 801 exercuerit,
434 720 629 808 gravitatem
654 719 771 804 respici
803 719 846 786 ab
869 718 1006 786 Horatio
1031 737 1157 807 putans.

146 839 255 925 Quem
267 854 301 906 et
313 862 391 906 cum
403 860 442 904 eo
454 836 628 904 facientem
642 839 879 909 Wtrellnerum
891 842 1055 920 refellens,
1067 863 1156 907 suem

144 959 269 1045 Varges
287 954 483 1023 senteutiam
507 952 623 1038 aperit.
668 953 846 1021 Existimat
856 962 1156 1037 senectutemhans

144 1079 185 1142 de
207 1070 319 1141 aetatis
336 1095 403 1138 non
422 1070 672 1149 diuturnitate,
696 1075 751 1137 sed
772 1073 1156 1161 discrimineinterpre·

145 1195 279 1259 tundam
313 1212 378 1256 esse
407 1202 440 1254 et
465 1190 655 1272 adjunctam
681 1189 802 1255 habere
834 1194 1003 1274 quandam
1026 1193 1154 1259 honoris

142 1305 439 1396 significationem
469 1305 580 1391 itaque
607 1328 682 1371 sene
715 1306 894 1395 significari
926 1309 1061 1396 antiqui
1091 1310 1154 1377 sive

144 1424 243 1510 prisci
266 1408 342 1490 aevi*
359 1420 482 1490 virum.
517 1420 626 1507 Quam
650 1420 743 1489 verbi
763 1438 956 1507 potestatem
970 1425 1030 1491 etsi
1044 1429 1153 1505 docte,

143 1547 273 1614 aliunde
295 1541 411 1610 sumtis
431 1542 609 1627 exemplis,
627 1541 768 1610 illustret
780 1559 812 1609 et
824 1545 947 1623 firmet,
968 1558 1083 1611 tamen
1095 1566 1154 1629 op-

144 1667 266 1734 timum
283 1666 470 1753 *verborum
492 1686 629 1729 suorum
652 1663 867 1748 interpretem
877 1662 1058 1730 Horatium
1070 1667 1154 1731 mal·

142 1794 208 1854 lem
232 1784 464 1862 consuluisset,
483 1805 590 1869 quam
603 1781 681 1848 alios
695 1781 835 1850 adiisset.
859 1781 998 1849 Etenim
1021 1781 1078 1850 hic
1090 1786 1153 1869 lere

140 1927 270 1991 semper
292 1927 331 1971 eo
352 1927 446 1971 sensu
461 1906 624 1991 priscum
643 1901 727 1968 dixit
753 1925 784 1968 v.
805 1925 834 1969 c.
856 1901 890 1967 P
903 1905 1038 1968 risco
1062 1903 1153 1971 Cra-

142 2026 227 2088 tittc.
240 2062 283 2078 -
304 2022 339 2087 P
351 2026 401 2088 ri
411 2024 486 2087 sci
508 2020 662 2087 Catonis.
685 2057 731 2070 -
747 2019 938 2087 Priscis
962 2016 1151 2089 Catonibus

142 2154 246 2228 atque
265 2140 425 2229 Cethegis
437 2138 471 2215 ²,
495 2160 668 2223 nunquam
689 2159 767 2203 vero
778 2151 914 2222 usurpat
925 2159 1038 2203 senem
1051 2184 1060 2217 ,
1074 2137 1154 2224 quin

140 2257 352 2342 interpretari
378 2260 418 2322 de
441 2269 544 2322 estate
565 2255 635 2341 ipsa
659 2255 771 2343 possis.
806 2254 881 2342 Quo
900 2260 1012 2323 refero'
1028 2257 1132 2324 illud:

919 2407 961 2423 -
987 2375 1111 2464 aufert

183 2491 362 2559 Pacuvius
382 2491 631 2580 doctissimam
654 2495 815 2570 sanie,
840 2489 969 2559 Ateius
993 2494 1069 2559 alti
1080 2492 1122 2560 ³.-

138 2627 278 2700 uterque
296 2612 385 2679 enim
407 2610 503 2679 senili
515 2625 619 2679 aetate
642 2610 817 2680 exstinctus
839 2626 896 2680 est.
925 2611 1041 2698 Quid?¹
1064 2616 1154 2702 quod

136 2730 307 2799 simillimo
319 2716 449 2817 prorsus
460 2734 612 2816 exemplo
625 2733 819 2797 contendere
831 2730 925 2797 nobis
937 2729 1035 2809 licet,
1056 2754 1130 2799 eem
1143 2777 1152 2809 ‚

138 2871 239 2934 quam
259 2849 383 2935 Varges
400 2860 514 2934 urget,
536 2843 670 2912 honoris
691 2842 965 2932 significationem
975 2849 1065 2931 apud
1082 2846 1154 2931 Ho-

137 2965 260 3033 ratium
282 2965 440 3032 senectuti
458 2964 591 3030 concedi
614 2986 681 3029 non
703 2962 812 3030 licere.
858 2963 943 3030 Nam
966 2964 1100 3052 scripsit
1113 2948 1128 3031 :⁴

657 3120 701 3136 -
726 3084 794 3149 Hic
815 3105 919 3172 nequa
941 3086 1056 3149 seroie

203 3201 332 3269 Allutt
353 3205 483 3268 settis
505 3202 678 3288 ersrnplo,
702 3201 785 3266 dum
810 3204 930 3266 munia
954 3200 1072 3279 didit,

203 3315 330 3386 Saevus
354 3317 471 3396 eritl,

171 3533 181 3568 r
220 3514 267 3566 Ad
281 3513 410 3565 Persium
429 3511 465 3575 1,
486 3510 547 3570 12⁴.

75 3641 78 3648 ›
170 3630 185 3664 2
221 3612 314 3680 Epist.
339 3608 371 3672 1,
403 3607 801 3677 19,1.0d.111,21,u.
837 3609 934 3680 Epist.
953 3608 1066 3673 11,2,
1089 3624 1155 3682 ¹17,

136 3708 243 3775 passim·
264 3705 305 3758 ru
324 3706 425 3760 Luci
434 3707 455 3765 Ι,
475 3707 526 3758 Fr.
538 3704 623 3768 xit,
648 3723 662 3775 7
690 3707 810 3758 Vetus
827 3705 879 3758 ille
897 3709 977 3758 Cato.
999 3704 1065 3758 Nou
1083 3723 1154 3777 nego

134 3824 202 3857 sen
213 3807 224 3856 i
235 3822 251 3854 o
262 3823 277 3855 r
288 3824 305 3856 u
318 3823 344 3854 m
357 3807 507 3874 peritarum
529 3803 639 3855 turbam
656 3802 690 3854 de
712 3801 831 3872 antiquis
858 3821 919 3855 cum
945 3801 1062 3872 quadarn
1081 3822 1148 3873 gra.

132 3905 218 3954 vitale
235 3901 290 3954 dici
312 3903 373 3953 Sat.
394 3903 431 3965 l,›
445 3918 500 3966 to,
522 3903 567 3971 67,
586 3900 632 3953 sed
654 3918 723 3954 sen
735 3920 777 3952 ex
793 3918 849 3953 non
870 3902 985 3969 pariter·
1003 3905 1145 3970 usurpari.

167 3999 184 4050 s
219 4000 315 4068 upon
334 3997 362 4051 rr
378 4033 386 4062 ,
402 4014 419 4050 -ι
439 4032 447 4059 ,
467 3998 509 4052 ss.

167 4098 183 4149 l
223 4099 285 4150 Sul.
308 4098 358 4159 ll,
379 4113 407 4159 α,
426 4098 469 4165 67.
