2580 4756
622 346 663 406 55

131 524 360 598 crederemus,
378 519 456 605 quia
477 520 576 596 idem,
609 519 658 583 Ti.
686 518 824 584 Gracchi
843 541 956 595 socer,
979 541 1056 584 cum
1074 524 1137 587 hoc

131 643 272 725 ejusque
306 643 407 704 fratre
440 638 622 704 dividundia
649 639 734 724 agris
756 637 911 703 triumvir
944 638 1137 706 celebratur.

133 758 353 826 Consulatum
380 757 468 822 idem
490 769 627 843 peterat
652 757 717 821 610
741 756 859 845 (143),
882 778 1050 822 censuram
1071 759 1135 822 617

132 873 247 967 (136),
260 891 357 963 atque
378 879 440 941 hoc
458 889 607 960 tempore
623 896 733 940 senem
750 895 789 939 eo
806 873 993 961 diligentius
1014 879 1141 942 senatui

134 999 289 1064 interesse
319 1015 379 1079 par
410 1007 500 1070 erat,
535 1015 603 1079 quo
630 993 733 1079 magis
766 1006 863 1058 antea
890 993 925 1057 in
947 995 1145 1078 judicando,

135 1139 207 1204 qua
239 1115 389 1200 publicus
416 1135 507 1199 ager,
542 1134 608 1198 qua
626 1113 769 1197 privatus
790 1125 892 1189 esset,
915 1128 1057 1179 versatus
1075 1119 1144 1180 fue·

136 1250 204 1301 rat.
248 1235 375 1302 Verum
394 1235 465 1318 jam
487 1235 594 1298 multo
616 1246 691 1296 ante
713 1244 884 1296 mortuum
896 1233 1106 1318 cognovimus
1120 1233 1145 1298 ¹.

136 1353 258 1439 ltaque
266 1354 393 1418 Ernesti
410 1374 487 1417 eum
500 1374 565 1417 esse
577 1353 700 1416 censuit
710 1397 719 1428 ,
730 1352 787 1436 qui
800 1349 839 1417 C.
859 1349 984 1417 Claudii
1003 1373 1067 1417 cos.
1080 1355 1142 1417 661

139 1471 217 1561 (92)
249 1472 356 1548 filius,
378 1471 477 1555 Appii
498 1469 624 1537 Claudii
644 1470 752 1535 Pulcri
773 1492 837 1536 cos.
860 1472 926 1536 674
951 1471 1021 1559 (79)
1042 1475 1143 1537 frater

139 1590 233 1668 fuit,
255 1614 274 1655 a
296 1611 362 1675 quo
385 1603 424 1656 ut
446 1589 722 1677 distingueretur,
745 1590 863 1677 major
873 1593 1052 1675 appellatus
1061 1590 1103 1655 sit
1115 1590 1141 1654 ⁹.

140 1709 208 1776 Sed
234 1709 289 1774 hic
307 1730 345 1773 eo
374 1722 542 1792 tempore,
565 1729 633 1794 quo
657 1731 707 1772 res
727 1721 800 1773 acta
817 1709 853 1774 in
873 1722 1001 1787 senatu,
1021 1708 1147 1793 juvenis

140 1840 225 1894 erat.
270 1825 379 1912 Quare
410 1839 467 1891 aut
488 1826 578 1891 idem
595 1826 777 1903 habendus,
801 1826 858 1911 qui
886 1826 1038 1892 tribunus
1054 1826 1147 1890 mili-

140 1961 219 2013 tum
244 1945 361 2010 occidit
381 1945 446 2010 672
472 1941 542 2032 (82)
557 1943 592 2020 3,
617 1957 675 2008 aut
695 1945 775 2008 alius
794 1945 923 2008 aliunde
950 1966 1016 2008 non
1040 1958 1146 2010 notus.

142 2065 249 2154 Magis
272 2085 349 2129 vero
369 2076 479 2127 nostra
498 2063 630 2127 interest
648 2060 794 2139 nouisse,
811 2065 942 2148 qualem
955 2061 1149 2129 sententiam

147 2185 262 2250 tulerit
283 2183 467 2258 insanam,
502 2194 676 2266 postquam
698 2180 748 2245 ibi
769 2180 965 2247 nunciatum
984 2185 1108 2260 fuerat,
1132 2207 1152 2248 a

144 2302 263 2368 Lucilii
292 2321 409 2385 pecore
439 2320 532 2386 agros
558 2298 705 2384 publicos
736 2301 885 2384 depasci,
915 2323 1022 2386 neque
1051 2303 1151 2386 scrip-

144 2436 258 2488 turam
281 2420 373 2484 solvi.
425 2417 550 2503 Appius
573 2417 694 2505 igitur,
720 2418 948 2497 dicarhomo,
972 2420 1091 2504 injuria
1113 2421 1152 2486 li-

145 2540 263 2606 berare
304 2536 468 2602 Lucilium
508 2539 645 2622 ejusque
681 2550 792 2621 partes
828 2539 914 2603 tueri
953 2538 1151 2616 ridebatur,

146 2680 271 2745 negans
306 2658 374 2741 ejus
414 2677 500 2733 esse,
547 2657 635 2739 quod
678 2668 884 2738 pasceretur,
920 2676 1028 2739 pecus.
1088 2655 1152 2722 Sed

146 2790 279 2864 praeter
321 2774 471 2840 omnium
514 2772 785 2856 exspectationem
819 2773 978 2850 addebat,
1012 2774 1154 2840 liberum

149 2898 233 2963 illud
259 2916 292 2960 se
324 2905 548 2977 amputare,
578 2913 657 2955 nam
686 2890 773 2974 pasci
794 2913 860 2976 qua
876 2891 1013 2957 luberet.
1058 2893 1136 2960 Vari

148 3018 232 3081 haec
250 3013 349 3079 verba
368 3011 581 3094 explicantur.
610 3007 767 3073 Nonnulli
789 3009 917 3075 inflecte
938 3010 1002 3094 sic:
1026 3012 1061 3075 in
1082 3015 1156 3077 nul-

151 3134 214 3201 lius
240 3131 363 3198 domini
384 3128 537 3196 servitute
554 3141 587 3193 et
608 3141 768 3212 potestate
784 3128 912 3193 videtur
932 3151 996 3194 essa
1013 3132 1075 3195 hoc
1100 3153 1156 3214 pc-

151 3273 232 3329 cus,
264 3252 338 3326 sed,
364 3249 644 3334 quemadmodum
679 3248 729 3312 sui
755 3248 838 3332 juris
868 3262 915 3313 est
938 3248 1022 3313 liber
1037 3252 1157 3327 homo,

153 3373 201 3439 sic
233 3384 280 3436 est
310 3371 471 3447 liberum,
509 3369 773 3453 quandoquidem
808 3391 873 3453 qua
893 3370 984 3433 lubet
1000 3367 1159 3453 pascitur,

152 3491 314 3557 inserente
335 3485 405 3554 aliis
429 3491 589 3553 damnum
606 3485 771 3560 1111111104.
796 3487 910 3571 Inepta
927 3487 1056 3574 Pighius
1068 3509 1157 3553 com-

190 3796 202 3832 1
241 3773 562 3849 atv.apit.LV111.
604 3777 632 3830 V
640 3776 710 3828 111.
737 3780 824 3829 Par.
852 3774 895 3840 11,
921 3793 949 3841 2,
968 3775 994 3828 5.
1033 3777 1104 3831 011.
1127 3778 1159 3829 de

155 3876 275 3946 111111,
295 3890 340 3944 19,
359 3873 405 3926 δι.

187 3993 205 4029 2
241 3971 317 4025 Clav.
340 3989 370 4040 p.
389 3987 449 4026 ιιι.

189 4070 207 4123 5
243 4070 354 4123 orell.
379 4072 476 4123 Onam.
498 4066 574 4120 rull.
589 4083 617 4133 p·
637 4065 699 4130 148,
720 4063 780 4118 150.

190 4169 207 4223 4
242 4163 822 4230 Β111111111111111011.1.1.Ρ.560.
