2580 4756
439 1085 646 1156 sarluan
677 1084 845 1154 ORIGO.

189 1661 309 1748 Plura·
332 1683 467 1748 dicenda
501 1680 622 1760 habui,
659 1702 760 1768 quam
784 1683 1054 1748 mohabitarum
1078 1705 1150 1748 esse·

134 1812 216 1866 tuma
241 1799 447 1876 divinabam,
481 1823 586 1885 quum
614 1801 965 1882 praefationeaditum
989 1801 1144 1864 ad-huno

135 1917 260 1981 librum
293 1916 491 1998 aperiebam.
537 1916 699 1999 Dispositd
734 1916 823 1978 enim
845 1901 1006 1992 materia,
1041 1936 1143 1999 quam

135 2033 216 2097 mihi
249 2035 512 2116 suppeditaverat
538 2048 688 2098 ueterum
713 2033 838 2108 lectio,
860 2031 1143 2108 hrcviintcllexi,

133 2152 159 2217 si
190 2162 276 2216 recte
300 2155 340 2214 de
368 2152 526 2238 singulis,-
546 2170 629 2234 quac
652 2152 907 2214 intermortuam
928 2150 1044 2213 Lucilii
1071 2170 1145 2213 rno-

137 2268 283 2331 mo'riam·
301 2282 501 2350 spectarent,
526 2267 717 2332 existimare
736 2269 911 2342 vellemus,
936 2266 970 2330 in
995 2279 1152 2331 accurata

135 2403 247 2446 rernm
268 2382 517 2469 investigatione<
532 2398 694 2468 quantum
718 2383 864 2465 praesidii
888 2397 968 2447 esset
981 2386 1144 2446 saturum.

137 2494 286 2561 Inviam
311 2519 369 2560 nos
393 2500 552 2571 dedimus,
578 2497 754 2580 quaerendi
777 2497 1055 2581 cognoscendique
1077 2510 1145 2560 stu·

136 2615 191 2679 dio
218 2609 318 2678 ducti.
364 2611 486 2696 Quodsi
518 2612 638 2676 diutius
657 2632 896 2695 nonnunquam
930 2613 963 2674 in
981 2612 1148 2694 explican-

135 2732 180 2800 do
204 2731 322 2794 morati
343 2751 477 2804 suanus,
502 2728 652 2810 primurn
672 2748 741 2790 non
761 2728 872 2791 nostris
895 2729 957 2791 hoc
979 2727 1147 2808 culpdac·

136 2847 236 2918 cidit,
274 2846 459 2928 longiorem
489 2845 713 2925 tutioremque
741 2843 828 2906 viam
853 2841 993 2907 breviori
1018 2845 1073 2906 sed
1092 2863 1148 2924 pe·
1186 2902 1195 2921 ,

140 2961 321 3026 riculosiori
351 2960 646 3042 praeponendum
680 2960 795 3023 deinde
817 2980 894 3024 vero
914 2960 967 3023 hio
991 2959 1152 3024 uberioris

135 3077 423 3144 commentationis
444 3080 569 3141 fructus
591 3078 675 3153 luit,
705 3079 794 3159 qnod
814 3098 852 3140 ea
876 3097 976 3159 quae,
1000 3075 1150 3157 quamvis

136 3195 299 3278 disjuncta
322 3214 341 3256 a
362 3206 472 3257 nostro
497 3207 693 3279 argumento
718 3205 842 3277 essent,
867 3205 979 3257 tamen
997 3212 1064 3255 non
1076 3189 1152 3256 alie.-

140 3333 184 3374 na
208 3310 414 3386 viderentur,
435 3310 558 3392 judicio
577 3332 672 3392 saepe
689 3324 800 3374 nostro
814 3330 892 3372 cum
916 3309 963 3381 iis,
987 3305 1152 3390 quaema-

140 3427 188 3513 gis
206 3428 340 3509 propria
359 3440 480 3501 essent,
506 3424 727 3499 submisimus.
775 3425 859 3488 Ecce
884 3421 982 3486 vero!
1007 3425 1071 3486 huc
1096 3425 1152 3488 de-

140 3545 211 3607 latis
244 3566 372 3626 quum,
408 3544 432 3606 si
468 3543 632 3625 promissis
666 3556 751 3606 stare
786 3541 947 3613 velimus,
971 3534 1154 3626 indaganda

143 3683 233 3724 nrrnc
252 3661 292 3723 sit
317 3661 432 3724 satirae
454 3660 556 3744 orig0,
579 3672 637 3735 ut,
662 3679 762 3741 quem
784 3660 894 3720 locum
916 3657 1056 3721 Lucilius
1069 3658 1105 3722 in
1118 3670 1156 3725 e's

142 3777 369 3841 Romanorum
383 3777 471 3858 pudsi
489 3777 646 3851 tenuerit,
669 3776 770 3839 tutius
792 3771 1005 3858 suspicemur,
1018 3777 1155 3840 alteram

142 3895 228 3957 hanc
258 3907 290 3955 et
321 3894 467 3975 amplam
500 3892 594 3956 nobis
629 3891 813 3974 disputandi
834 3891 1012 3956 materiem·
1029 3892 1155 3976 praeri-

146 4013 218 4094 puit
242 4009 462 4074 Hermanni
488 4032 646 4085 acumen,
680 4010 736 4095 qui
760 4009 906 4096 singular
938 4009 1156 4096 disquisitione
