2580 4756
672 345 725 414 52,

195 527 270 591 Fuit
288 537 398 589 autem
419 525 481 587 hoc
501 525 675 608 παρηγορία
698 546 745 595 τις
767 529 831 596 τοῖς
854 522 979 606 πένησι,
1003 521 1122 607 quibus
1143 522 1202 588 di-

192 645 258 712 vidi
281 664 348 707 non
371 642 509 725 amplius
532 663 651 727 agrum
676 641 846 724 publicum
869 641 990 706 liceret.
1009 678 1056 690 -
1072 641 1130 707 His
1152 641 1203 709 ita

194 761 375 846 explicitis,
408 760 588 824 accedimus
619 763 660 824 ad
690 758 852 825 Ciceronis
883 763 963 824 loca.
1008 757 1107 845 Quod
1136 761 1200 848 igi·

194 896 249 945 tur
283 879 425 966 neglexit
461 879 565 955 Zeiss,
602 877 750 962 primum
788 877 1106 955 animadvertamus,
1139 879 1203 945 Ci-

196 1009 349 1064 ceronem
396 997 555 1081 scripsisse
596 997 762 1060 inutilem
810 1008 843 1060 et
887 999 1052 1060 vitiosam
1088 999 1199 1083 legent

191 1116 304 1181 Thorii
337 1116 443 1181 fuisse.
475 1115 629 1179 Inutilem
661 1114 815 1200 Pighius1
842 1123 1016 1198 propterea
1047 1115 1111 1190 dici
1131 1138 1202 1198 pu-

195 1235 293 1311 tavit,
322 1234 399 1318 quia
421 1232 582 1298 aerarium
608 1231 778 1315 publicum
810 1233 1016 1296 fraudaretur
1040 1254 1096 1310 ea,
1128 1237 1200 1318 ple-

198 1353 232 1418 bi
263 1354 385 1438 quippe
417 1350 541 1417 viritim
560 1350 699 1435 pecunid
723 1371 763 1414 ex
787 1350 934 1436 vectigali
952 1351 1063 1417 divisi.
1110 1350 1200 1418 Cum

192 1472 260 1538 aliis
283 1469 386 1558 igitur
408 1468 622 1553 perniciosam
640 1467 735 1534 firisse
754 1466 885 1546 statuit,
908 1471 947 1533 de
961 1491 1027 1554 qua
1047 1471 1200 1536 vocabuli

191 1602 368 1675 potestate,
395 1586 520 1673 quoties
540 1590 580 1652 de
603 1591 674 1674 lege
692 1609 800 1652 sermo
816 1601 886 1665 est,
910 1590 1119 1654 vehementer
1143 1613 1201 1655 me

195 1707 349 1774 dubitare
383 1711 497 1771 fateor.
542 1705 691 1790 Namque
712 1719 750 1771 ut
773 1709 902 1770 vitiosa
924 1709 975 1770 lex
998 1728 1036 1772 ea
1057 1705 1199 1787 dicitur,

198 1849 281 1912 quae
309 1838 422 1890 contra
450 1823 591 1908 auspicia
625 1846 663 1890 ae
692 1824 882 1911 religionem
915 1839 1028 1911 rogata
1056 1839 1114 1891 aut
1132 1829 1201 1892 lata

191 1960 262 2021 est,
283 1945 329 2009 ita
360 1944 507 2008 mutilis
539 1940 674 2009 dicenda
710 1955 756 2007 est
784 1965 821 2008 ea
852 1965 934 2027 quae
957 1958 1091 2026 propter
1113 1944 1200 2012 illud

189 2063 308 2159 vitium
331 2084 371 2126 ne
394 2065 498 2128 valeat
518 2061 715 2145 impeditur,
738 2061 876 2147 ideoque
899 2083 1001 2128 novae
1024 2062 1103 2149 legis
1120 2086 1200 2130 aue-

194 2182 324 2245 toritate
357 2178 547 2266 corrigenda
580 2193 626 2244 est
639 2179 665 2243 2.
711 2177 807 2263 Quod
836 2178 864 2244 si
900 2193 1069 2258 tenemus,
1100 2182 1199 2249 facile

196 2295 416 2383 intelligitur,
452 2310 560 2360 utram
597 2297 708 2382 legum
743 2295 784 2359 ab
814 2296 965 2380 Appiano
988 2300 1198 2364 laudatarum

189 2415 307 2483 Cicero
323 2413 523 2501 cogitaverit.
554 2412 627 2477 Non
650 2413 738 2480 enim
761 2415 899 2479 dubium
924 2414 1007 2501 quin
1013 2420 1197 2503 priorem,

194 2557 295 2622 quam
323 2534 367 2600 oi
389 2531 468 2601 cois*
491 2535 617 2618 ὕστερον
639 2531 766 2616 excepit
795 2532 977 2616 posterior,
1009 2557 1092 2620 quae
1127 2538 1200 2621 ipsa

192 2653 308 2720 vitiosa
331 2667 365 2719 et
395 2649 515 2716 inutilis
541 2650 606 2716 diei
626 2663 798 2735 propterea
824 2651 959 2736 nequit,
978 2656 1065 2737 quod
1089 2654 1200 2741 viguit

191 2774 369 2842 triennium
392 2777 476 2850 fere,
494 2773 672 2837 ott-650
697 2769 925 2861 (107-104),
948 2775 1049 2838 donec
1072 2773 1199 2843 Marcia

190 2899 242 2960 lex
277 2898 426 2958 ferretur.
470 2892 601 2957 Prorsus
637 2905 747 2956 autem
776 2892 897 2956 erravit
923 2892 1082 2970 Rudorfl,
1103 2908 1196 2960 ratus

192 3017 297 3098 legem
328 3010 486 3076 Thoriam
511 3010 546 3073 in
570 3032 600 3074 a.
625 3011 693 3074 643
720 3009 811 3097 (111)
836 3008 1031 3087 incidissess,
1067 3011 1194 3097 quippe

189 3129 249 3215 Sp.
278 3128 420 3194 Thorius
444 3129 613 3193 tribunatu
646 3127 857 3211 quadriennio
879 3141 1043 3210 postcunt
1066 3152 1196 3198 annum

194 3253 323 3314 functus
350 3260 418 3343 est,
463 3231 576 3332 Quum
600 3267 676 3311 vero
703 3258 951 3311 consentaneum
974 3246 1016 3313 sit
1031 3262 1193 3328 statuere,

193 3366 409 3454 significatam
438 3388 457 3431 a
482 3363 635 3431 Cicerone
670 3366 777 3451 legem
818 3366 905 3429 haud
933 3365 1092 3432 diversam
1125 3391 1194 3435 esse

222 3664 234 3702 t
273 3650 351 3702 Anu.
371 3649 434 3712 111,
456 3647 514 3701 136.
532 3647 575 3698 tif.
593 3650 702 3701 Peter
718 3649 775 3700 Ed·
793 3651 876 3701 Brut.
899 3650 954 3701 eie.
966 3666 993 3716 p.
1011 3651 1054 3719 96.

220 3763 236 3798 2
269 3745 321 3820 Cf,
347 3747 415 3799 Cic.
431 3746 507 3797 Phil.
529 3743 567 3808 V,
586 3746 615 3807 lt,
638 3762 680 3799 ιο.
700 3745 903 3812 imprudentius
920 3747 1003 3813 igitur
1019 3745 1121 3800 Rudo
1133 3764 1146 3797 r
1158 3746 1197 3797 ff

184 3862 212 3911 p.
240 3844 284 3896 83.
305 3847 343 3894 In
363 3845 410 3898 der
426 3844 500 3894 Thac
522 3843 630 3896 scheint
648 3845 691 3894 die
710 3845 740 3894 in
757 3844 806 3896 der
835 3843 896 3895 lex
919 3845 1069 3894 Tltoria
1088 3863 1189 3914 ausge-

181 3942 333 4012 sproclzene
357 3941 492 4011 Ordnung
510 3942 546 3991 im
567 3940 777 3992 Wesentlicten
800 3941 852 3991 dus
874 3941 1018 3996 Schickral
1034 3942 1081 3992 des
1111 3943 1186 3997 Ital.
1244 3933 1247 3939 ¹

184 4058 202 4090 a
208 4059 269 4110 ger
281 4037 370 4108 publ
376 4039 387 4089 i
394 4056 453 4090 cus
458 4037 516 4107 seir
532 4037 648 4104 [ringere
670 4036 734 4087 zeii
754 4036 928 4088 entsclrieden
945 4054 979 4086 zu
997 4036 1095 4089 haben.

219 4136 237 4190 ὅ
268 4136 342 4186 Diu·
370 4133 393 4176 1·
409 4150 438 4184 o.
455 4131 499 4184 56.
