2580 4756
633 349 676 408 33

146 523 209 588 ubi
245 545 343 589 renea
377 536 487 607 aperte
518 523 650 589 senilem
674 536 812 594 aetatem
836 537 869 589 et
890 527 1053 610 turpiculo
1077 531 1167 613 qui-·

144 645 226 707 dem
249 664 340 708 tenen
357 643 489 708 indicat.
534 641 697 710 Melumue
720 643 820 731 igitur
842 644 985 728 accipere
1008 647 1155 713 uocabu-

141 760 238 837 lum,
265 774 304 826 ut
323 761 547 845 accipiendum
568 775 614 828 eet
631 765 718 846 apud
740 762 886 827 Persium
899 764 937 841 ¹,
960 765 1019 830 ubi
1038 789 1148 854 prae-

136 878 300 968 grandia
321 902 420 944 cem
444 880 673 964 Aristophaneo
693 882 813 947 dicitur
837 897 972 969 propter
985 897 1150 965 aetatem,

141 1018 249 1082 quam
280 999 371 1062 valde
396 1009 585 1081 provectam
613 997 731 1085 attigit.
776 998 914 1084 ltaque,
938 1001 988 1066 hia
1013 1003 1152 1069 rationi·

141 1115 208 1179 bue
229 1114 331 1190 moti,
355 1115 560 1199 octogenario
586 1117 746 1199 majorem
771 1115 883 1181 obiisse
896 1118 1061 1185 Lucilium
1081 1136 1151 1188 eta-

139 1235 278 1301 tuimur.

187 1535 341 1604 Molestus
364 1539 435 1616 lui,
459 1542 583 1617 fateor,
608 1542 710 1606 vitam
733 1539 871 1617 Lucilii,
894 1560 960 1604 non
985 1540 1068 1606 vitae
1081 1550 1146 1602 ter·

140 1655 277 1720 minum
298 1656 379 1722 ecire
402 1657 616 1741 cupientibus.
661 1657 767 1735 Fero,
790 1677 893 1742 eoque
905 1655 1028 1720 {acilius
1045 1659 1149 1720 feram

140 1796 212 1860 quo
235 1775 352 1843 uertiur
380 1797 457 1841 uera
477 1797 532 1841 me
550 1775 662 1841 vidisse
676 1776 876 1840 intellexero.
920 1772 984 1839 Sed
1006 1774 1054 1839 hie
1074 1775 1145 1858 jam

138 1893 292 1978 pluribus
312 1894 487 1970 enarratis,
512 1916 617 1979 quum
645 1907 809 1975 extremos
832 1896 899 1957 fere
922 1913 1043 1969 annue,
1068 1913 1149 1979 quoe

139 2012 372 2077 intercucurrit
384 2010 501 2100 Lucilii¹
511 2011 592 2088 vita,
604 2011 860 2100 cognoverimus,
870 2032 986 2096 operae
999 2012 1149 2096 pretium

137 2142 222 2195 esset
242 2151 314 2197 eam
330 2130 375 2196 sic
400 2130 562 2209 exhibere,
586 2144 623 2197 ut
643 2130 816 2215 praecipua
833 2134 899 2196 fata
921 2131 1033 2196 ordine
1045 2131 1149 2197 tradi-

138 2263 175 2314 ta
203 2262 362 2333 paterent.
406 2247 600 2335 Quaerimus
626 2251 715 2315 enim
750 2252 790 2315 de
809 2255 923 2334 poetae
944 2263 1071 2327 aetate,
1089 2250 1148 2336 qui

137 2364 351 2455 octogenario
376 2369 483 2452 major
512 2368 579 2433 vitd
610 2369 756 2446 decessit,
780 2392 886 2456 neque
916 2370 1032 2437 otiosus
1056 2368 1148 2435 domi

136 2488 322 2572 palluerat,
347 2487 403 2554 aed
435 2485 556 2574 ingenii
586 2488 752 2573 animique
782 2488 864 2552 viret
888 2490 1071 2553 contulerat
1106 2489 1148 2552 ad

136 2602 279 2670 ciuitatis
299 2624 374 2667 auae
400 2605 538 2668 salutem
576 2607 754 2669 curandam
777 2605 916 2690 indeque
942 2607 1147 2688 praeclaram

137 2724 276 2806 adeptus
307 2734 355 2785 eet
390 2721 532 2786 nominis
566 2725 705 2789 sarnam..
755 2721 856 2808 Atqui
888 2725 949 2788 hoc
979 2726 1150 2790 functuroa

134 2861 276 2907 munere
310 2860 378 2905 non
391 2902 394 2909 ,
409 2841 537 2905 animus
567 2841 623 2905 sed
650 2841 788 2905 materia
808 2840 918 2906 deficit
929 2886 939 2918 ,
963 2862 1047 2928 quaa
1067 2856 1148 2909 rara'

137 2973 176 3025 et
195 2980 326 3043 epma,
346 2958 400 3025 rix
422 2961 465 3023 ad
479 2972 581 3025 certos
604 2979 704 3024 annoe
724 2960 992 3044 revocnripoteat.
1015 2958 1147 3046 Quam-¹

137 3078 258 3145 obrem
287 3098 343 3154 ea,
375 3097 458 3161 quae
492 3076 583 3141 nobie
614 3090 698 3142 aetas
720 3078 877 3156 servavit,
900 3080 1091 3145 conabimur
1111 3081 1146 3145 in

142 3200 217 3261 luce
252 3214 397 3277 ponere,
420 3215 527 3279 neque
545 3209 734 3260 exornantes
756 3218 848 3288 qnae*
861 3198 961 3261 fidem
983 3198 1065 3264 veris
1087 3202 1147 3264 de-

133 3315 280 3390 trahant,
300 3334 407 3399 neque
424 3333 566 3391 eorum,
590 3335 672 3400 quae
694 3315 775 3380 scire
797 3317 940 3394 intersit,
964 3319 1146 3404 quidquam

132 3445 288 3500 tacentes.

185 3553 222 3619 0.
257 3551 398 3616 Lucil
406 3549 548 3628 tamt,
579 3549 709 3617 Suessae
744 3552 777 3614 in
806 3549 1038 3617 Auruncorum
1065 3575 1148 3641 agro

136 3734 399 3750 m

171 3857 184 3894 ι
225 3838 501 3904 duellam&

170 3957 186 3992 2
219 3935 372 3990 stamini
399 3926 498 4007 nometi
527 3943 656 4003 oportere
683 3943 792 4004 practer
818 3939 992 3988 Danaam
1018 3937 1057 3987 ad
1071 3939 1142 3990 Luc.
1205 3996 1207 3999 ¹

134 4037 187 4094 Fr.
205 4052 234 4102 p.
251 4052 284 4106 97
312 4034 467 4087 doctissime
485 4033 616 4088 indicavit
646 4036 675 4088 V
674 4053 780 4104 argee
802 4032 933 4099 ¹tirtgnlaru
949 4032 1146 4102 disquisitione

134 4131 208 4184 laud.
226 4151 254 4199 p.
271 4134 297 4185 8.

613 4234 633 4295 3
