2580 4756
718 367 759 432 76

238 547 429 632 opinionum
455 567 493 610 ac
514 545 745 611 sententiarum
763 545 977 632 pravitatibus
1002 561 1036 613 et
1054 547 1232 625 erroribus,

236 687 303 731 non
325 665 444 730 suimet
468 686 568 751 quam
589 664 775 749 aequalium
791 665 1046 748 reprehendendi
1067 667 1232 754 negligen-

234 785 299 849 tior
323 785 452 862 esset1,
485 786 574 848 hunc
599 804 665 868 qua
686 783 810 849 ratione
829 784 975 850 dicamus
993 784 1077 851 Deos
1092 785 1232 870 ¹vilipen·

233 902 314 967 disse
343 915 376 968 et
405 902 550 968 divinam
583 901 823 986 providentiam
853 901 1007 968 irrisisse?
1051 901 1117 972 vel
1142 905 1231 970 fallor

232 1022 405 1106 equidem,
430 1025 480 1086 vel
502 1020 654 1086 Horatius
672 1021 800 1105 parcior
814 1021 998 1088 Lucilianae
1018 1023 1149 1089 virtutis
1164 1027 1230 1091 lau·

229 1143 324 1205 dator
346 1141 465 1206 fuisset.

215 1275 217 1279 ·
273 1258 361 1324 Haec
398 1281 502 1345 pauca
532 1259 572 1323 da
605 1258 723 1324 Lucilii
752 1260 860 1325 indole
885 1259 978 1325 nobis
1008 1257 1230 1328 innotuerunt.

230 1377 317 1442 Ante
340 1398 417 1442 uero
437 1379 597 1461 quamde
620 1376 688 1462 ejus
701 1376 830 1463 ingenio
850 1376 1037 1455 videamus,
1060 1379 1144 1466 quid
1163 1378 1228 1445 Ho-

230 1493 352 1570 ratius,
386 1494 559 1579 sapientis
583 1514 659 1558 eum
691 1493 824 1558 nomine
842 1494 1049 1578 appellans2,
1076 1497 1228 1574 volucrit,

229 1611 463 1696 inquirendum
485 1624 542 1676 est.
572 1609 727 1678 Sanado
756 1626 789 1677 et
805 1611 1026 1678 Heindorss
1040 1613 1087 1680 ita
1107 1615 1227 1682 dictum

227 1738 408 1814 putarunt,
434 1729 511 1816 quia
539 1751 606 1795 nou
630 1752 725 1796 ausus
748 1743 818 1796 erat
847 1734 983 1796 eandem
1011 1738 1085 1798 rem
1107 1746 1229 1800 tentare

228 1870 329 1933 quam
358 1849 480 1913 Ennius
503 1852 699 1933 perfecerat,
724 1851 780 1914 sed
802 1862 959 1934 tanquam
976 1851 1124 1935 ejusdem
1153 1874 1227 1938 per·

226 1988 323 2031 sonae
353 1965 522 2056 (Scipionis
545 1965 688 2053 majoris)
724 1971 859 2033 alteram
887 1980 919 2032 et
938 1968 1128 2036 inferiorem
1153 1993 1228 2056 par·

227 2097 295 2148 tem
319 2097 468 2169 gesserat.
514 2084 605 2170 Quae
637 2086 771 2170 quidem
795 2087 984 2170 explicatio,
1007 2111 1119 2156 errom
1136 2092 1225 2168 nixa,

226 2226 246 2266 a
267 2203 398 2289 Varge
430 2207 558 2288 explosa
574 2217 641 2282 est3
679 2206 736 2289 qui
760 2208 972 2293 sapientiam
995 2207 1226 2294 interpretatur

226 2343 341 2385 curam
372 2321 525 2405 inopere
554 2325 703 2386 nondum
735 2322 884 2389 inchoato
907 2347 945 2390 ac
967 2330 1116 2414 neglecto
1139 2330 1227 2414 posi·

224 2453 305 2505 tam.
344 2439 518 2526 Diiring,
551 2444 639 2526 quod
669 2441 827 2524 sapienter
859 2445 961 2510 vitam
984 2445 1142 2530 Scipionis
1168 2451 1227 2516 sibi

222 2559 467 2624 describendam
486 2558 619 2637 sumsit,
636 2560 778 2644 exponit.
818 2561 968 2628 Horatius
986 2586 1064 2629 vero
1083 2567 1228 2633 alioloco

222 2682 361 2766 sapiens
389 2679 527 2763 explicat
555 2678 753 2768 prudent,
786 2702 852 2765 qua
884 2682 1116 2768 significatione
1145 2685 1227 2752 nibil

222 2801 325 2862 altero
344 2802 416 2863 loco
435 2800 675 2864 convenientius
696 2812 752 2866 est.
778 2798 842 2865 Sed
858 2801 1032 2883 prudentia
1043 2803 1109 2882 illu,
1120 2827 1226 2890 quum

223 2915 366 2979 indolem
401 2930 544 2998 spectare
574 2938 642 2982 non
670 2917 841 2996 videatur,
863 2919 964 3004 qualis
998 2942 1133 2990 revera
1163 2927 1226 2991 ha·

222 3033 329 3097 banda
352 3033 416 3109 sit,
445 3034 594 3117 deinceps
613 3034 812 3101 docebimus.
859 3038 931 3103 Alia
954 3052 1040 3105 certe
1056 3043 1142 3121 fuit,
1160 3066 1226 3131 qun

221 3151 331 3216 Laelio
361 3172 544 3237 cognomen
570 3155 742 3238 sapientis
777 3154 941 3221 tributum
967 3158 1008 3222 ab
1037 3164 1226 3247 aequalibus

221 3364 501 3378 *-

256 3488 267 3523 r
308 3469 397 3538 Supra
414 3487 443 3538 p.
460 3489 490 3543 7,
508 3470 551 3527 66.
588 3469 752 3539 interpretis
774 3477 937 3529 verbasunt
959 3477 993 3529 ad
1010 3477 1039 3532 h.
1057 3477 1077 3530 l.
1105 3482 1224 3536 Dicitur

222 3566 354 3618 Lucilius
380 3568 469 3618 viram
495 3567 741 3648 suom'scripsiase
766 3580 796 3622 et
823 3571 950 3626 nonsibi
971 3577 1143 3646 pepercisse,
1177 3578 1224 3632 cf.

221 3665 352 3715 Dousa
368 3681 396 3731 p.
415 3680 460 3718 πο.

253 3779 271 3814 a
308 3761 371 3815 Sat.
391 3759 433 3824 ll,
453 3773 481 3825 ι’,
501 3776 544 3830 17.
647 3805 649 3808 .

252 3856 271 3910 3
303 3859 360 3927 Ep.
377 3857 403 3921 l,
423 3858 467 3922 16,
487 3857 532 3911 bu.
715 3918 720 3929 ‚

336 3956 718 4028 cumpaterissapiens
748 3961 1192 4038 emendatusquevoeari,

331 4051 528 4121 Respondeat*
827 4061 949 4116 'mium'
964 4087 996 4104 -
1014 4067 1120 4137 Nempe

336 4146 391 4201 Vr'r
408 4144 419 4152 ”
891 4155 1001 4214 dodon.
