2580 4756
603 317 668 381 288

220 489 323 554 aaut
343 493 444 577 pnite
467 491 583 569 edne,
608 496 672 579 poi
694 493 909 559 martatttm

224 604 263 670 V
260 629 358 672 ινιιω
377 611 549 693 propinas
560 608 748 695 flammeos
770 611 988 677 medullitus.

128 724 197 792 Sed
231 726 304 791 aliis
331 728 554 813 argumentis,
589 743 622 793 et
645 732 743 816 longe
767 731 902 813 quidem
925 731 1145 816 gravioribus,

131 862 215 910 rein.
231 845 428 909 confirmate
452 845 545 909 nobis
569 859 616 910 est
634 848 773 913 licitum.
819 849 958 914 Exstant
976 850 1065 913 enim
1078 850 1147 914 En·

132 963 181 1026 nit
203 961 321 1037 verba,
345 961 464 1046 quibus
485 976 614 1028 certum
636 967 803 1048 quendam
826 966 943 1029 aculeis
965 966 1057 1050 quasi
1079 989 1147 1051 pu·

133 1077 265 1163 papissa
293 1079 444 1156 uidetur,
480 1101 586 1164 quum
615 1081 650 1144 in
681 1085 824 1146 eundem
845 1086 908 1148 hoc
927 1086 1032 1148 modo
1054 1083 1154 1150 inve·-

134 1194 244 1259 bitur:

181 1311 322 1399 Quippe
339 1315 415 1377 aine
439 1325 525 1379 euro
546 1316 814 1394 laetuslaetus,
838 1341 939 1404 quom
962 1319 1104 1385 advenis

181 1427 352 1492 Inserteis
373 1431 519 1506 meleis,
544 1444 576 1494 et
600 1433 755 1518 expedito
778 1434 945 1511 bruelio,

182 1544 334 1623 Aison,
358 1549 490 1624 celsus,
517 1550 638 1636 lupino
661 1555 794 1636 impetat
817 1565 1014 1638 exspectans

141 1686 145 1693 ·
180 1655 271 1728 Mose·
287 1663 373 1730 dnm
393 1667 551 1732 almitas
581 1670 806 1758 abligurrioe
827 1671 925 1738 bono.

184 1781 283 1870 Quid
308 1806 421 1851 amase
453 1782 623 1852 dontineia
644 1812 713 1853 ease
735 1792 878 1854 animi?
916 1788 1016 1855 Proh
1035 1789 1151 1856 divom

968 1906 1107 1992 fidem!

182 2019 255 2085 Ille
278 2023 402 2086 tristis
425 2022 541 2087 eibum
563 2022 646 2088 dnm
669 2036 805 2101 servat,
831 2038 872 2090 tn
894 2025 1014 2090 ridens
1037 2049 1151 2095 ossan

138 2135 310 2222 Numquid
342 2138 393 2204 hie
424 2140 528 2204 acrius
559 2141 623 2206 dici
654 2142 837 2225 potuisset?
869 2144 1063 2230 neutiquam
1091 2166 1153 2231 ego
1220 2206 1222 2211 ,

140 2258 249 2322 endo.
293 2256 379 2322 ‘lam
407 2257 497 2322 enim
525 2272 638 2342 aperte
663 2258 834 2344 increpat,
859 2274 892 2326 ct
912 2274 983 2327 tant
1006 2261 1153 2326 mordaci

139 2374 266 2439 dicendi
290 2396 408 2462 genere
428 2376 549 2454 utitur,
578 2391 617 2442 ut
637 2382 700 2442 hoc
717 2378 790 2462 ipso
809 2380 908 2444 etiam
932 2381 1048 2446 satirae
1067 2383 1152 2467 leges

140 2495 324 2576 perrupisse
353 2498 528 2560 censendus
547 2495 659 2560 sit1.»
706 2494 936 2580 Quamobrem
960 2498 1005 2561 sic
1027 2499 1152 2573 sentio,

140 2611 311 2687 Ennium,
334 2613 485 2698 quamvis
504 2613 709 2696 potissimum
728 2615 943 2678 delectaretur
956 2614 1070 2697 populi
1087 2614 1154 2677 Ro-

140 2729 232 2795 mani
267 2730 371 2816 gloria
393 2730 586 2795 celebranda
609 2752 648 2794 ac
668 2730 858 2814 principum
877 2731 1028 2796 virorum
1045 2731 1155 2794 laudi-

141 2847 202 2912 bus
234 2849 408 2925 canendis,
443 2861 556 2913 tamen
579 2868 819 2934 nonnunquam
851 2848 1028 2913 hominum
1054 2848 1152 2924 vitia,

142 2964 288 3051 flagitia,
312 2964 451 3048 ineptias
473 2985 511 3029 ac
533 2987 636 3052 nugas
660 2969 739 3030 salse
764 2967 869 3030 risisse
889 2979 922 3031 et
954 2966 1153 3053 exagitasse,

142 3081 211 3146 sine
232 3084 300 3146 ulla
322 3084 438 3147 tamen
457 3083 583 3167 proptii
602 3084 747 3148 staminis
770 3083 904 3150 invidia.

187 3199 338 3264 Tandem
363 3200 398 3264 in
415 3222 454 3265 eo
472 3215 620 3267 versatur
646 3201 839 3279 Hermann,
865 3216 903 3268 ut
922 3205 1070 3268 ostendat
1089 3201 1156 3267 En·

145 3316 241 3380 nium
273 3320 371 3405 longe
395 3319 484 3384 aliud
505 3320 621 3385 satirae
644 3343 747 3407 genus
770 3334 943 3393 tractasse,
968 3322 1156 3403 quodcum

146 3431 318 3501 Luciliano
350 3438 533 3519 comparari
555 3437 602 3502 ita
627 3458 694 3501 non
717 3440 837 3522 possit,
868 3450 906 3501 ut
924 3437 1008 3500 nihil
1038 3425 1158 3519 ampli·

147 3573 184 3617 us
204 3575 307 3639 quam
326 3555 504 3620 fortuitum
522 3577 646 3620 nomen
669 3577 749 3620 cum
771 3576 810 3619 eo
832 3576 1009 3619 commune
1022 3555 1157 3632 habeat,

148 3649 357 3758 totumquea
378 3671 509 3739 Graecis
529 3674 570 3738 sit
582 3673 740 3756 petitum,
754 3673 961 3739 Lucilianum
980 3675 1158 3740 contraiu-

185 4033 197 4070 ι
234 4021 280 4072 De
296 4021 379 4071 Rom·
401 4021 463 4073 Sat.
482 4017 566 4072 tanae
585 4018 650 4090 1756
669 4036 697 4086 p.
717 4037 759 4074 ιι.
