2580 4756
588 365 649 429 175

135 548 270 632 quoties
305 564 422 606 rentur
459 545 625 605 variotur
659 546 845 605 iteratione
869 541 1055 605 verborum.
1102 543 1146 605 Et

134 665 169 725 in
199 664 264 724 line
283 661 426 743 positus,
461 660 622 743 sequentia
643 660 899 736 sitexordium,
922 660 980 743 qui
1005 662 1147 744 appella-

131 795 190 844 tur
214 779 333 843 climax
346 779 373 842 ¹.
387 795 406 837 r
452 775 564 860 Neque
585 777 647 840 alio
664 777 829 859 pertinent
841 777 911 840 illa:
938 775 1145 842 «Sciendum

132 901 218 972 hoc,
233 916 296 960 esse
314 895 465 958 vitiosum
490 893 714 978 monosyllabo
735 894 823 956 finiri
836 914 984 969 vertum,
1007 891 1069 956 nisi
1081 898 1147 957 sor·

130 1024 166 1074 te
185 1011 254 1093 ipso
277 1011 500 1095 monosyllabo
521 1011 649 1073 minora
672 1011 877 1091 explicentur
904 1010 1065 1074 animalia.
1100 1009 1147 1076 Ut

132 1128 311 1193 ridiculae
341 1150 428 1190 mue.
476 1126 641 1191 Gratiores
669 1125 759 1191 enim
776 1146 901 1192 'versus
923 1124 975 1192 icti
995 1141 1073 1192 sunt
1098 1148 1146 1191 ae·

133 1247 281 1310 cundum
315 1241 478 1307 Lucilium
494 1242 520 1307 2.
536 1264 553 1302 u
609 1243 684 1307 Jam
716 1245 783 1326 ipse
814 1244 927 1307 titulus
956 1244 1030 1308 libri
1061 1245 1147 1307 unde

132 1359 295 1447 originem
317 1361 469 1435 duxerit,
494 1381 560 1424 non
575 1361 669 1425 facile
689 1361 784 1426 dicas.
830 1359 939 1445 Quem
957 1382 1034 1424 cum
1056 1381 1148 1424 cum·

133 1478 277 1562 positum
303 1479 447 1542 viderem
468 1498 545 1541 cum
566 1478 737 1561 Pomponii
757 1478 908 1564 Marsya,
931 1480 1011 1564 quid
1030 1481 1070 1554 de
1086 1481 1149 1546 hoc

132 1593 419 1660 animadversionis
435 1597 627 1672 afferretur,
652 1594 770 1679 cupide
790 1597 942 1680 quaesivi.
986 1596 1148 1672 Videbam

133 1734 263 1789 errare,
296 1713 352 1796 qui
382 1711 423 1775 ab
451 1712 598 1776 Amobio
625 1734 745 1777 vanam
778 1727 810 1777 et
837 1713 1051 1794 perniciosam
1073 1734 1147 1794 per»

131 1829 251 1915 stringi
263 1842 418 1912 putarent
439 1829 613 1892 hominum
638 1829 821 1893 doctrinam
837 1874 845 1903 ,
868 1829 925 1911 qui
938 1849 1000 1910 pro
1012 1829 1104 1892 bonis
1115 1843 1150 1895 et

132 1948 275 2010 honestis
289 1969 337 2009 reo
358 1947 464 2008 futiles
476 1957 508 2006 et
521 1958 632 2025 turpes
645 1957 816 2008 curarent:
841 1947 949 2009 nullus
960 1947 1050 2010 enim
1062 1949 1150 2029 apud

133 2062 324 2127 Arnobium
343 2061 403 2123 nisi
426 2061 578 2124 derebus
603 2060 752 2124 futilibus
771 2075 804 2124 et
824 2062 913 2127 vania
934 2085 1055 2128 sermo,
1086 2063 1149 2128 Nc·

131 2201 200 2264 que
233 2180 358 2260 placet,
394 2180 482 2260 quod
515 2176 680 2263 Marsyam
713 2178 884 2261 Pomponii
910 2204 988 2247 cum
1010 2183 1038 2244 F
1040 2182 1150 2246 ornice

134 2297 251 2360 Lucilii
277 2295 481 2377 conjunxerit
500 2294 682 2370 Arnobiue,
707 2297 856 2360 concludi
870 2297 944 2362 inde
957 2343 966 2373 ,
979 2299 1151 2382 utriusque

133 2411 287 2477 carminis
322 2424 556 2496 argumentum
593 2412 678 2486 circa
706 2433 756 2476 res
783 2413 954 2478 obscoenas
985 2428 1150 2479 versatum

132 2551 199 2594 csse
213 2527 239 2592 3.
264 2526 419 2611 Quamvis
437 2547 515 2590 vero
535 2529 598 2589 hoc
620 2531 781 2591 refutetur
799 2529 934 2592 Arnobii
949 2529 1071 2604 verbis,
1103 2542 1151 2593 ta-

133 2668 213 2710 men
229 2646 310 2709 nihil
333 2643 532 2727 probabilius
544 2646 658 2706 afferre
672 2656 728 2707 aut
744 2645 897 2724 suspicari
919 2645 1033 2708 ausim.
1065 2647 1152 2709 Tan·-

134 2779 210 2828 tum
232 2784 308 2827 vero
329 2775 473 2836 constat,
506 2761 606 2823 etiam
624 2760 688 2822 alio
715 2760 747 2822 in
767 2770 963 2843 argumento
988 2775 1151 2844 versatum

131 2903 200 2946 etse
230 2885 374 2962 poetam.
424 2877 473 2940 Ad
502 2877 602 2941 verba
630 2877 718 2940 enirn
744 2876 869 2941 Horatii
892 2881 945 2940 ric
961 2903 1014 2942 ma
1039 2902 1153 2944 eerra-

132 3002 187 3061 ot't
207 2994 355 3080 Apollo,
376 2995 456 3057 haec
476 2994 654 3075 interpres.
680 2994 782 3061 «Hoc
804 2999 844 3059 de
864 3018 956 3060 semu
979 2997 1154 3064 Homerico

133 3115 267 3179 sumsit:
304 3116 359 3178 τὸν
382 3111 586 3198 δ’ἐξήρπαξεν
607 3109 786 3178 Ἀπόλλων.
833 3112 943 3198 Quem
961 3128 994 3178 et
1011 3115 1153 3180 Lucilius

134 3233 170 3294 in
189 3251 277 3293 nono
301 3243 486 3314 satyrarum
510 3232 783 3312 repraesentavit,
806 3232 851 3296 sic
871 3233 995 3297 dicens:
1023 3237 1063 3296 'ot
1081 3233 1153 3297 dier

140 3437 417 3461 ,...--.-.

172 3587 182 3622 ι
227 3572 321 3621 Serv.
340 3571 377 3618 ud
398 3571 477 3637 Virg.
496 3569 569 3620 Aen.
592 3569 652 3634 lx,
671 3570 733 3638 573.
770 3572 907 3641 lincfr·
926 3573 1008 3643 ἐπαγ
1030 3590 1056 3638 p.
1076 3590 1119 3642 pu.

169 3684 187 3717 2
222 3665 411 3717 Id.eod.ad.
433 3662 595 3725 Vlll‚83.

170 3762 189 3812 ὅ
220 3761 327 3812 Munl·
349 3761 381 3811 de
387 3760 471 3830 sabb.
490 3761 580 3814 Atell.
598 3779 624 3827 p.
643 3763 686 3816 86.
727 3761 782 3812 Sub
804 3764 944 3832 Marsya,
974 3764 1032 3828 ait,
1059 3770 1154 3819 nereio

136 3877 175 3910 an
195 3858 295 3929 potior
312 3867 414 3907 statua
442 3857 512 3924 illa,
530 3860 638 3910 Romae
655 3867 822 3918 exstructo,
844 3859 981 3928 adquam
1000 3865 1157 3914 meretrices

134 3955 304 4016 contenire,
334 3956 472 4023 quamque
499 3956 611 4005 coronis
639 3969 741 4003 ornare
764 3953 914 4016 colebant,
942 3945 1026 4024 quom
1051 3958 1153 4008 tibicen

135 4050 207 4114 ille,
237 4050 373 4118 Apollinis
392 4048 540 4112 aemulus,
562 4047 690 4118 intelligi
711 4047 821 4102 debeat.
