2580 4756
698 364 762 423 256

232 544 419 620 conlectum
448 540 583 600 demum
608 540 707 602 fuerit
729 553 800 621 post
820 539 983 604 librorum
1004 543 1046 606 de
1065 543 1178 628 lingua
1196 547 1235 608 la*

229 661 298 724 tina
319 654 567 739 scriptionem1.
602 655 696 719 Idem
718 657 824 721 risum
845 679 912 722 esse
934 657 1081 724 Ausonio
1102 659 1235 745 Popmue

230 775 386 862 cognovi,
421 772 625 837 Lucilium
648 777 825 859 legendum
851 796 916 840 esse
938 780 1117 856 statuenti,
1142 802 1233 865 quem

227 894 385 975 scripsisse
399 893 445 957 ait
469 892 568 954 libros
581 891 758 955 satirarum
776 894 1017 961 adnumerum
1036 909 1071 960 et
1093 899 1232 962 ordinem

226 1010 392 1075 tribuum.
445 1010 589 1074 «Fuere
616 1022 727 1073 autem
753 1012 924 1097 --pergit
943 1014 1120 1080 -tribts
1152 1017 1233 1080 initio

228 1151 295 1194 una
330 1141 362 1192 et
393 1128 508 1212 viginti
536 1128 717 1191 institutae:
748 1142 858 1211 postea
885 1134 1140 1213 quatuordecim
1163 1135 1231 1198 aliae

229 1259 450 1322 accesserunt,
463 1247 508 1309 ita
529 1258 567 1308 ut
586 1266 700 1309 esrum
718 1264 877 1310 numerus
897 1270 925 1312 a.
948 1248 991 1315 U.
1007 1248 1047 1315 C.
1071 1254 1137 1316 512
1163 1266 1231 1316 esset

228 1365 366 1452 triginta
383 1364 541 1447 quinque.
588 1362 657 1427 Hac
677 1364 803 1428 ratione
825 1367 958 1430 fortasse
980 1367 1104 1432 Lucilii
1124 1378 1231 1452 poema

227 1482 293 1545 suit
316 1482 455 1546 divisum
483 1481 518 1542 in
541 1482 607 1544 duo
626 1481 816 1561 solumina3
842 1485 983 1547 alterum
1003 1485 1125 1550 habuit
1144 1487 1229 1549 libros

228 1599 330 1676 XXI,
359 1619 440 1683 quos
469 1597 575 1663 Varro
597 1596 654 1662 hic
672 1599 833 1676 adducit;
859 1602 1002 1662 alterum
1023 1601 1126 1665 libros
1148 1600 1227 1668 XIV.

228 1717 291 1784 Sed
315 1715 524 1804 grammatici
544 1717 744 1799 posteriores·
758 1738 865 1780 unum
883 1720 972 1800 σῶμα
995 1721 1147 1796 fecerunt
1159 1765 1167 1796 ,
1179 1719 1227 1803 qui

228 1834 411 1922 generatim
441 1834 543 1897 citant
572 1836 642 1917 ejus
675 1834 775 1898 libros
808 1834 937 1901 XXXV
949 1835 976 1899 2.
992 1854 1010 1895 »
1059 1835 1169 1920 Quam
1187 1838 1241 1899 in·¹

228 1953 359 2040 geniosa
385 1975 422 2016 ac
450 1953 592 2034 speciosa
624 1956 704 2016 haec
723 1952 764 2015 sit
788 1955 995 2036 conjectura,
1019 1963 1127 2036 patet.
1168 1953 1228 2020 Ve-

227 2085 423 2145 runtamen,
436 2070 460 2134 si
478 2090 554 2133 vera
575 2082 676 2145 esset,
701 2070 782 2153 quid
797 2091 910 2134 causae
929 2082 1127 2154 putaremus
1146 2072 1229 2136 fuisse

228 2208 310 2261 cur,
333 2189 390 2269 qui
411 2187 554 2268 plurima
577 2190 763 2271 fragmenta
775 2209 814 2250 ex
832 2187 924 2251 libris
935 2187 1067 2265 XXVI,
1092 2189 1227 2263 XXVII,

209 2302 388 2378 .xxV111‚
401 2301 519 2365 XXIX
529 2316 561 2366 et
573 2302 668 2365 XXX
680 2305 836 2381 laudavit,
856 2305 979 2370 Nonius
990 2309 1084 2372 nulla
1095 2328 1228 2373 servare

226 2423 307 2487 rite
331 2421 500 2504 postremis
522 2420 697 2504 quinque?
744 2420 828 2485 Nam
853 2426 942 2507 quod
965 2425 1143 2490 satirarum
1161 2425 1228 2490 libri

226 2540 383 2616 XXXVI,
406 2539 569 2615 XXXIX,
593 2540 704 2603 XLIII
719 2543 806 2622 apud
818 2563 897 2605 eum
915 2556 947 2606 et
961 2543 1039 2608 alios
1053 2565 1228 2610 memoran-

225 2675 302 2739 tur,
336 2659 569 2724 animadvertit
614 2658 734 2723 Dorcea
768 2659 896 2724 incuria
931 2662 1145 2727 librariorum
1168 2665 1230 2726 fae·

223 2795 300 2844 tum
338 2792 421 2856 esse,
457 2791 495 2841 ut
532 2779 566 2841 in
601 2798 820 2841 numerorum
852 2780 935 2843 notis
967 2781 1095 2846 incerta
1115 2781 1230 2864 saepius

224 2896 309 2959 ratio
343 2895 510 2970 obtineat,
547 2898 637 2979 quod
664 2883 821 2978 apparere
840 2896 965 2961 dicitsi
990 2898 1229 2983 quisemenda-

224 3013 321 3077 tiores
345 3013 467 3076 codices
488 3033 565 3076 cum
589 3015 696 3077 minus
721 3014 814 3078 honis
835 3015 1030 3080 contulerit:
1054 3039 1140 3101 quae
1149 3017 1227 3081 enim

225 3134 413 3213 fragmenta
449 3130 484 3190 in
512 3131 570 3193 hir
604 3151 622 3193 e
654 3132 747 3196 libris
768 3132 914 3200 XXXVI
938 3147 972 3198 et
992 3134 1142 3200 XXXIX
1162 3137 1228 3198 lau·

224 3249 372 3322 dentur,
408 3244 522 3309 eadem
554 3246 588 3308 in
619 3234 701 3311 illis
736 3253 778 3314 ad
809 3250 907 3314 libros
933 3252 1046 3320 XXVI
1068 3264 1102 3318 et
1125 3249 1228 3318 XXIX

223 3369 324 3431 relata
353 3363 530 3429 invenirit.
579 3365 651 3429 Alia
687 3381 799 3431 autem
826 3369 964 3446 obsunt;
1001 3392 1081 3433 nam
1110 3371 1135 3434 si
1161 3371 1227 3442 illa,

225 3507 324 3568 quam
359 3484 483 3567 Popma
508 3485 635 3554 voluit,
660 3485 817 3567 bipartita
837 3486 943 3568 operis
968 3487 1085 3551 divisio
1104 3488 1151 3552 sic
1170 3486 1226 3549 dis·

223 3604 324 3668 tincta
342 3605 384 3666 ab
407 3616 540 3668 auctore
562 3603 693 3678 luisset,
719 3614 755 3666 ut
779 3605 992 3687 antiquarum
1014 3618 1049 3668 et
1071 3622 1225 3671 novarum

258 3901 269 3935 1
309 3884 539 3961 Fuhrmann
557 3887 670 3940 Hanrlh.
688 3888 715 3944 d.
738 3887 827 3940 Clare.
848 3889 912 3959 ⁶1⁷2
926 3887 973 3940 ΙΙΙ
991 3906 1019 3956 p-
1039 3886 1100 3944 158·

258 3998 273 4031 2
309 3983 363 4032 Ed.
384 3983 449 4048 Rip.
469 3983 497 4034 ll
518 4000 545 4048 p.
566 4000 612 4046 ιο,
631 3984 693 4036 318.

257 4077 272 4126 3
308 4079 610 4131 A‹1Lucil.Fr.c
