2580 4756
526 372 590 431 225

57 544 125 612 bini
150 548 334 610 incensum
361 546 553 611 dedicavisti.
592 545 629 609 Ni
652 548 712 610 hoc
734 548 777 610 ita
801 561 869 622 est,
895 551 951 632 qui
974 524 1070 633 sponZ

56 669 111 730 det
136 659 228 728 mille
256 663 465 727 nummum?
500 663 562 728 Sed
587 679 623 728 tu
646 666 718 746 plus
737 665 833 760 tertia
853 657 956 748 parte
967 688 1072 750 pecu-

57 784 129 847 niae
166 797 320 865 paternae
349 783 513 864 perdidisti
541 794 639 867 atque
664 781 846 845 absumsisti
869 783 904 846 in
930 785 1069 871 flagitiis.

57 901 97 965 Ni
128 904 190 964 hoc
220 899 267 964 ita
291 913 361 976 est,
397 901 453 983 qui
478 902 615 981 spondet
643 899 733 962 mille
758 901 962 964 nummum?
997 901 1071 968 Non

58 1021 103 1084 vis
121 1022 328 1106 nequitiam.
355 1019 424 1104 Age
448 1018 633 1080 nialitiam
657 1020 772 1080 saltem
796 1020 959 1084 defendas.
1007 1019 1071 1084 Sed

57 1152 92 1201 tu
127 1138 232 1202 verbis
267 1137 428 1218 conceptis
452 1136 658 1220 conjuraristi
688 1136 788 1200 sciens
817 1138 936 1202 sciente
959 1139 1071 1204 animo
1112 1183 1115 1188 <

57 1270 126 1319 tuo.
173 1255 211 1318 Ni
235 1257 296 1319 hoc
314 1255 358 1317 ita
379 1267 440 1330 est,
457 1255 514 1338 qui
532 1256 669 1337 spondet
693 1255 782 1317 mille
806 1257 1014 1324 num-mum?
1030 1249 1068 1318 1⁴»
1145 1270 1148 1275 '

57 1371 178 1434 Parum
212 1394 289 1436 vero
313 1372 435 1455 liquet,
472 1371 551 1454 quid
570 1371 631 1435 ista
653 1371 854 1457 significent,
880 1394 963 1455 quae
983 1376 1071 1457 apud

58 1490 280 1574 Augustinum
313 1489 467 1574 legimus:
495 1515 512 1555 a
527 1489 716 1570 Ἀμφίδοξος
749 1504 794 1553 est
829 1494 1069 1567 controversia,

57 1607 91 1668 in
128 1629 193 1690 qua
217 1611 267 1670 vel
292 1609 491 1671 honestatem
517 1629 672 1689 personae
694 1609 867 1692 turpitudo
887 1610 934 1672 rei
958 1609 1070 1695 macu-

57 1730 122 1800 lat,
158 1730 247 1789 velut
280 1726 304 1789 si
336 1724 446 1808 Scipio
475 1739 564 1808 petat
592 1727 731 1808 praemii
765 1727 899 1789 nomine
924 1730 1069 1792 mortem

57 1844 108 1905 Ti.
136 1843 291 1907 Asellit.»
319 1842 464 1906 Acerbus
488 1844 515 1906 ei
543 1844 625 1906 vitae
647 1844 749 1907 exitus
769 1843 889 1907 dicitur
910 1844 1070 1909 accidisse.

56 1958 207 2042 Namque
232 1981 308 2020 eum
330 1958 456 2021 Licinia
477 1980 558 2021 uxor
580 1980 704 2022 veneno
727 1961 874 2036 necavit,
898 1984 981 2046 quac
1004 1963 1072 2044 ipsu

56 2081 176 2159 laqueo
196 2075 322 2140 sceleris
345 2096 463 2157 poenas
479 2068 539 2140 luit
552 2076 580 2140 3.

102 2312 253 2376 Diximus
278 2312 420 2396 supral,
456 2311 543 2378 libro
560 2317 836 2404 duodetrigesimo
860 2323 899 2383 de
922 2320 956 2384 P.
982 2320 1070 2385 Gal-

57 2433 167 2495 lonio
190 2434 262 2494 fure
286 2433 383 2517 egisse
407 2432 583 2497 Lucilium.
630 2434 693 2498 Hic
717 2459 800 2520 quae
824 2457 900 2498 cum
924 2451 1071 2518 spectant

57 2550 219 2614 dabimus.
256 2547 410 2635 Legimus
441 2551 529 2630 apud
554 2548 762 2614 Ciceronem:
790 2551 894 2617 «Non
916 2553 988 2627 ille,
1014 2554 1070 2638 qui

56 2667 236 2753 Diogenem
256 2664 403 2729 Stoicum
424 2667 624 2740 adolescens,
648 2680 721 2748 post
744 2681 855 2730 autem
879 2667 1069 2732 Panaetium

57 2785 227 2858 audierat,
262 2781 391 2844 Laelius
426 2801 464 2844 co
499 2781 603 2845 dietus
638 2793 684 2845 est
714 2781 863 2865 sapiens,
888 2787 977 2867 quod
1001 2807 1069 2848 non

56 2904 273 2987 intelligeret,
298 2901 376 2983 quid
399 2901 623 2964 suavissimum
650 2916 729 2966 esset
755 2904 829 2992 (uec
849 2905 937 2968 enim
960 2905 1072 2989 sequi-

58 3033 136 3092 tur,
170 3035 207 3082 ut
235 3019 286 3083 cui
322 3040 376 3082 cor
398 3019 522 3102 sapiat,
547 3019 575 3083 ei
597 3041 663 3083 non
680 3022 784 3104 sapiat
805 3020 988 3108 palatum);
1014 3028 1070 3090 sed

56 3139 135 3222 quia
153 3138 245 3222 parvi
267 3138 299 3200 id
323 3141 472 3203 duceret:

101 3256 131 3320 0
153 3256 303 3344 lapatho,
328 3267 367 3319 ut
369 3257 515 3343 jactare
526 3280 654 3322 necesse
666 3272 733 3335 est,
757 3264 914 3348 ‘cognitu’
927 3267 987 3327 cui
995 3245 1069 3327 sis!

102 3372 147 3439 In
170 3396 235 3460 quo
255 3372 393 3437 Laeliu'
416 3375 602 3450 clamores,
627 3381 719 3458 σοφὸς
734 3378 818 3455 ille,
843 3379 973 3443 solebat

101 3493 233 3569 Edere,
258 3493 470 3577 compellans
489 3497 635 3580 gumias
660 3517 699 3557 ex
723 3495 843 3558 ordine
865 3478 1023 3560 mulsos.¹

91 3767 100 3800 l
146 3747 440 3815 Gell,llll,1s,9.

91 3864 106 3896 2
141 3846 262 3914 Princip
284 3846 356 3897 rhet.
377 3863 401 3909 p.
416 3845 476 3898 3¹26.
497 3842 549 3895 Cli.
564 3846 686 3911 Meyer
698 3849 791 3900 Oratt.
807 3850 888 3900 Roas.
902 3850 950 3899 Fr.
970 3868 1000 3914 p.
1016 3866 1061 3902 ιοι

53 3963 113 4013 sqq.
133 3943 288 3992 Ellendt
305 3943 399 3993 Proll.
420 3943 456 3992 dxl
473 3945 556 3992 Brut.
576 3959 601 4005 p.
626 3940 721 3991 XXX.

88 4039 104 4087 3
145 4037 231 4087 Val.
249 4039 347 4088 Max.
370 4038 419 4099 l'l,
444 4039 469 4100 3,
492 4040 516 4088 8.

87 4137 103 4186 4
130 4115 164 4200 p.
188 4133 247 4184 185.
