2580 4756
705 326 769 389 250

213 507 276 569 hoc
292 506 334 569 ad
353 504 535 587 simplicem
557 502 685 566 viacrrdi
707 502 889 576 rationem,
919 521 1002 584 quae
1028 500 1133 564 Laelii
1149 502 1216 576 fuit,

212 624 421 687 referendum
455 633 513 684 est.
560 619 860 712 Interpreteenim
880 616 1060 694 Cicerone,
1086 618 1168 682 nihil
1187 619 1219 681 in

214 742 380 822 voluptate
406 756 512 822 quum
542 749 698 819 poneret,
728 748 840 812 recte,
863 737 1059 822 frugaliter,
1092 739 1218 800 honeste

210 855 376 919 coenabat.
423 855 504 918 Erat
537 854 638 939 igitur
661 852 804 940 dignus,
835 854 893 938 qui
926 858 1080 937 exemplo
1103 854 1218 918 ciribra

210 985 287 1037 tum
309 971 494 1057 frugalitate
518 985 590 1035 tum
625 971 757 1046 ceteris,
786 971 904 1055 quibus
922 970 1100 1048 inclaruit,
1123 972 1219 1037 virtu·

211 1090 298 1154 tibus
322 1103 410 1154 esset.
778 1065 780 1069 ¹

258 1205 392 1290 Itaque,
425 1227 466 1269 ne
493 1227 622 1290 semper
646 1204 681 1269 in
703 1205 788 1270 tristi
806 1219 839 1270 et
853 1207 986 1290 abjecto
1008 1220 1221 1294 argumento

214 1343 291 1387 rum
315 1343 434 1408 genere
457 1321 586 1386 Musam
606 1342 698 1386 suam
720 1322 839 1386 versari
857 1335 1043 1405 pateretur,
1067 1336 1218 1408 tanquam

214 1438 347 1504 laetiore
378 1442 564 1520 spectaculo
584 1441 647 1502 bac
670 1438 829 1523 Scipionis
859 1453 891 1503 et
914 1441 1017 1505 Laelii
1043 1441 1219 1506 instauran-

215 1556 258 1622 dt
278 1555 441 1621 memoria
463 1556 749 1642 praedicandisque
770 1556 946 1622 virtutibus
968 1560 1141 1623 lectorum
1159 1560 1219 1623 ani·

215 1695 287 1739 mos
321 1674 481 1738 recreavit
514 1686 546 1737 et
567 1673 760 1740 exhilaravit
777 1670 934 1740 Lucilius.
981 1673 1154 1759 Quantam
1176 1679 1220 1740 fe·

216 1791 358 1856 cerimus
383 1793 566 1875 jacturam,
598 1792 717 1876 quibus
743 1793 812 1857 illas
836 1792 969 1858 virtutis
987 1794 1219 1878 sapientiaeque

216 1909 384 1995 imagines,
406 1910 471 1972 fide
489 1921 522 1972 et
540 1930 621 1974 cum
644 1908 749 1973 animi
772 1912 890 1974 affectu
913 1932 1093 1993 expressae,
1111 1911 1220 1976 intueri

216 2047 284 2090 non
308 2026 428 2103 liceat,
457 2048 513 2091 mc
533 2040 659 2093 tacente
679 2026 886 2114 intelligitur.
909 2027 977 2092 Nec
999 2041 1116 2094 tamen
1138 2030 1221 2095 facila

219 2145 397 2228 qaisquam·
426 2144 609 2220 dubitabit,
644 2148 803 2209 nonnulla
831 2167 870 2210 ex
906 2147 1084 2228 deperdito
1115 2147 1220 2212 Lucilii

218 2280 319 2343 opere
337 2273 466 2325 serrata
482 2261 579 2324 nobis
594 2283 669 2327 esse.
701 2261 871 2328 Petierunt
890 2263 1072 2352 enim-binc
1084 2265 1155 2330 sine
1166 2267 1222 2329 da·

216 2376 274 2440 bio
297 2373 434 2452 Cicero,
458 2375 613 2441 Horatius
633 2380 795 2462 hujrnque
818 2381 981 2463 interpres
1000 2401 1040 2444 ea
1052 2425 1068 2458 s-
1086 2403 1170 2467 quae
1187 2382 1222 2444 de

218 2492 338 2562 Lucilii
357 2495 501 2578 pueritia
528 2507 561 2561 ct
586 2497 801 2563 adolescentia
819 2497 1121 2565 memora-rimus1.
1163 2497 1222 2564 Ne·

217 2634 284 2700 que
311 2613 401 2678 enim
429 2614 537 2679 abesse
559 2615 678 2683 illnab
700 2637 739 2682 eo
758 2620 831 2681 loco
854 2626 1061 2699 potuerunt,
1084 2638 1152 2702 quo
1170 2634 1250 2682 sar-¹

217 2756 276 2799 arn
308 2738 407 2818 pota
434 2733 605 2799 ineuntem
629 2747 771 2799 aetatem
796 2756 878 2800 cum
896 2734 1061 2820 singulari
1076 2735 1219 2809 illoram,

219 2871 304 2936 quos
319 2855 484 2930 coluerat,
507 2852 708 2919 amabilitate
728 2855 942 2938 conjunctam·
956 2854 1197 2921 recordabatur.

221 3124 280 3219 peti
291 3137 387 3199 debet,
401 3152 518 3206 qaorum
530 3122 670 3195 coalentio
681 3141 798 3194 iaciebat
811 3147 840 3194 ot
852 3156 921 3209 opus
932 3145 1001 3192 esset
1012 3130 1216 3207 ea'dialingaere.

256 3251 270 3288 r
306 3232 377 3303 Sap·
392 3250 422 3302 p.
439 3235 484 3288 la.
732 3233 735 3237 '
892 3240 910 3251 ““
