2580 4756
617 352 661 413 2³

132 527 173 592 iu
195 526 345 615 legeilla
364 529 507 603 terenda,
528 529 829 593 exolescentemetu
843 529 1042 613 antiquioris,
1056 549 1167 614 quae·

117 647 197 720 ,sita
219 646 282 722 sit,
307 658 386 712 teste
398 642 585 721 Macrobio,
608 665 711 710 novae
725 645 803 732 legis
815 646 1002 723 auctoritas,
1022 659 1059 711 ut
1070 647 1162 710 ideru-

133 768 217 842 fers,
229 766 319 849 quod
330 762 358 829 F
359 761 468 840 annii,
484 760 611 827 Licinia
622 763 784 827 sancitum
800 763 852 828 sit.
882 763 963 829 Mihi
977 766 1110 850 quidem
1122 777 1165 828 ut
1244 784 1248 792 ’

134 881 220 967 quid
241 878 392 946 rideatur
415 881 582 964 aperiam,
613 883 720 968 legem
740 881 899 947 Didiam
920 903 987 947 non
1007 882 1161 946 Licini-

134 1021 200 1064 am
213 999 469 1087 ,intelligendam
495 1020 559 1063 esse
582 1000 646 1063 hoc
667 1013 863 1086 argumento
888 1021 1014 1065 censeo.
1037 998 1159 1065 Scribis

135 1115 239 1181 etiam
278 1114 489 1191 Macrobius,
532 1115 677 1181 Liciniae
712 1119 863 1182 ferendae
898 1115 1159 1202 probandaeque

134 1244 271 1311 tantum
293 1233 441 1297 studium
482 1230 525 1297 ab
548 1232 762 1315 optimatibus
787 1234 974 1318 impensum
1006 1257 1093 1310 esse,
1119 1236 1163 1299 ut

135 1348 228 1428 seso
242 1351 437 1434 juberetur,
462 1362 500 1414 ut
520 1371 557 1414 ea
580 1351 688 1434 prius,
713 1373 815 1437 quam
829 1352 1022 1418 trinundino
1034 1353 1159 1418 soniis-

136 1481 312 1546 maretur,
341 1468 383 1533 ab
415 1467 569 1532 omnibus
595 1469 824 1534 observaretur
856 1483 1015 1556 tanquam
1041 1472 1154 1554 populi

135 1585 300 1652 sententid
323 1584 472 1670 probata.
508 1584 579 1652 Hoc
596 1607 713 1669 anceps
730 1600 762 1652 et
777 1588 962 1652 inauditum
976 1589 1055 1675 legis
1078 1610 1158 1670 per-

138 1706 293 1771 ferendae
316 1702 488 1768 consilium
511 1725 707 1790 summaque
725 1705 887 1769 festinatio
906 1706 980 1786 satis
991 1707 1160 1783 declarat,

138 1844 242 1910 grave
266 1822 389 1906 aliquid
413 1843 450 1886 ac
469 1820 618 1886 subitum
636 1821 802 1899 incidisse,
826 1824 918 1906 eujus
941 1845 982 1888 ne
997 1822 1092 1888 latius
1111 1824 1160 1889 vis

137 1951 287 2024 serperet
316 1952 350 2004 et
383 1939 419 2004 in
444 1941 629 2004 tumultum
652 1953 867 2023 erumperet,
888 1944 1072 2006 carendum
1094 1940 1156 2006 sibi

139 2059 317 2143 optimates
350 2071 384 2124 et
412 2072 540 2125 senatus
562 2071 730 2141 putarent.
777 2058 949 2125 Manifesta
971 2074 1083 2125 autern
1106 2081 1156 2125 res

140 2190 188 2243 est
221 2176 343 2244 Valerii
362 2180 474 2241 locum
495 2175 780 2242 attendentibus1:
816 2175 900 2246 «M.
926 2176 1088 2244 Antonius
1124 2190 1157 2242 et

141 2296 183 2361 L.
214 2294 350 2361 Flaccus
383 2315 528 2362 censores
557 2293 773 2363 Duronium²
814 2305 929 2378 senatu
955 2293 1157 2373 moverunt,

141 2415 235 2500 quod
274 2416 386 2501 legem
416 2415 458 2477 de
491 2413 677 2478 coercendis
727 2412 961 2487 conviviorum
996 2414 1159 2479 sumtibus

140 2535 247 2605 latam
280 2530 433 2598 tribunus
469 2529 573 2616 plebis
612 2531 835 2618 abrogaverat.
891 2530 1030 2597 Mirifice
1060 2543 1158 2598 notae

142 2672 250 2719 causa.
293 2647 406 2736 Quam
423 2649 513 2714 enim
538 2649 748 2734 Mpudenter
770 2649 934 2714 Duronius
954 2623 1058 2724 rostra
1075 2671 1160 2714 con·

139 2770 292 2848 scendit,
315 2771 371 2834 illa
383 2770 548 2834 dicturus:
571 2768 681 2835 Frssts'
691 2781 775 2834 sunt
789 2769 917 2856 injecti
927 2768 1044 2845 vobis,
1070 2768 1159 2856 Qui·

142 2893 245 2966 rs‘tes,
266 2890 368 2954 stallo
384 2888 483 2954 modo
488 2889 735 2977 perpetiendi.-
755 2890 911 2978 altigata·
929 2900 960 2952 st
972 2891 1159 2954 constricti

144 3011 232 3076 estis
253 3031 375 3074 amaro
387 3008 526 3072 uinculo
545 3008 742 3074 servitutis.
788 3005 859 3072 Les
878 3010 969 3072 esim
995 3007 1072 3072 lota
1085 3020 1158 3085 est,

143 3149 313 3220 quassos
334 3149 403 3192 ssss
415 3125 531 3215 frugi
546 3125 673 3212 jubet:
694 3124 901 3215 abrogemus
924 3127 1045 3214 igitur
1060 3124 1164 3190 istud

143 3245 313 3311 horridos
346 3245 534 3312 vetustatis
571 3243 737 3331 rubigine
766 3243 918 3306 obsitum
959 3244 1160 3328 imperium.

142 3363 294 3431 'Etenim
331 3361 420 3455 quid
450 3385 535 3450 opus
568 3361 748 3435 libertate,
776 3348 811 3425 εἷ
838 3359 1032 3425 uolentibus
1072 3360 1161 3424 istro

140 3484 263 3570 perire
278 3503 347 3545 nors
368 3481 449 3545 licet
460 3478 535 3544 ?»³
570 3475 641 3544 Hac
663 3477 764 3564 igitur
782 3476 934 3543 craticius
947 3475 1021 3541 viet
1033 3475 1161 3558 impetu

181 3818 192 3852 ι
233 3799 263 3852 ΙΙ
355 3797 383 3850 ⁵.

183 3915 200 3950 2
237 3817 544 3949 D’ub’ioniumet
566 3891 613 3944 hic
643 3898 670 3944 et
698 3889 885 3959 passimspud
908 3892 964 3942 Jo.
995 3883 1166 3940 Salo'sbe·

149 3995 309 4047 rientem
329 3993 516 4055 Polisrarico,
537 3989 627 4053 vlit,
647 4007 673 4060 9.

183 4089 200 4142 3
233 4090 280 4143 cf.
301 4090 374 4142 otc.
394 4089 427 4140 de
447 4091 526 4146 Orat.
549 4086 590 4149 11,
610 4085 663 4150 63,
685 4085 746 4156 274·
