2580 4756
616 402 661 464 75

130 591 196 642 aut
224 577 355 642 beatam
378 578 559 642 existimare
583 579 675 656 licet,
699 579 881 662 plurimum
897 601 972 644 sane
991 581 1080 646 abest
1103 595 1140 646 ut
1250 602 1253 607 ·

132 699 313 763 desiderari
332 698 431 781 possit
463 699 497 762 in
528 719 586 774 eo,
621 700 678 784 qui
701 703 851 783 exemplo
874 702 1059 786 aequalibus
1079 702 1143 767 suis

133 837 174 882 ac
204 816 419 900 popularibus
451 838 515 881 esse
548 818 683 882 nitatur.
730 815 863 883 Ceterae
897 819 985 882 enim
1009 820 1144 884 virtutes

132 936 350 1020 quantumvis
384 938 585 1029 praeclarae,
615 939 789 1022 languente
810 948 867 1001 eut
889 938 1057 1003 deficiente
1077 937 1145 1021 pie-

134 1066 216 1130 tate,
244 1074 309 1119 non
335 1066 527 1118 ornamento
539 1075 619 1131 suo,
641 1058 696 1119 sed
707 1055 864 1137 praesidio
881 1078 919 1119 ac
936 1059 1025 1121 velut
1039 1055 1145 1122 radice

136 1185 264 1237 carent.
310 1171 420 1238 Verba
451 1185 561 1237 autem
584 1186 661 1238 sunt
679 1172 849 1250 Lactantii‚
872 1173 1021 1238 Herculis
1036 1174 1147 1258 turpi·

137 1290 290 1354 tudinem
312 1289 515 1355 detestantis:
552 1289 670 1376 «Quid
684 1304 744 1367 tu,
768 1291 893 1376 inquiet
912 1292 1045 1376 aliquis,
1064 1297 1148 1376 poe'·

141 1409 226 1473 tiene
250 1411 448 1473 credendum
465 1408 588 1493 putas?
633 1407 755 1494 Quidni
779 1410 918 1493 putem?
962 1409 1036 1475 Non
1058 1410 1148 1475 enim

140 1529 204 1592 ista
236 1527 377 1592 Lucilius
398 1542 509 1596 narrat
529 1541 585 1593 aut
606 1529 788 1606 Lucienus,
808 1530 865 1614 qui
888 1530 955 1596 Diis
978 1552 1016 1595 ec
1037 1530 1149 1594 homi-

139 1645 239 1710 nibus
272 1666 339 1710 non
356 1646 522 1729 pepercit3
543 1649 598 1710 sed
618 1646 652 1710 hi
668 1647 895 1730 potissimum,
920 1647 978 1731 qui
1001 1647 1148 1711 Deorum

139 1767 254 1828 laudes
281 1764 438 1829 canebant
452 1764 480 1830 1.
495 1784 513 1824 »
559 1762 646 1849 Quid
674 1765 833 1848 apertius,
863 1785 963 1849 quam
996 1763 1150 1828 similitu-

141 1884 258 1949 dinem
288 1883 451 1947 Lucilium
472 1883 556 1947 inter
574 1897 606 1946 et
628 1883 811 1948 Lucianum
834 1883 899 1948 istis
920 1883 1025 1948 verbis
1043 1882 1151 1948 conti-

144 2003 240 2079 neri,
270 2023 353 2086 quee
384 2003 491 2066 neutri
520 2002 607 2066 laudi
629 2023 692 2066 esse
716 2002 891 2067 videatur?
935 2000 980 2067 At
1002 2023 1080 2070 uero
1099 2023 1153 2066 ae·

144 2122 243 2207 quius
272 2121 339 2186 sine
361 2121 461 2185 dubio
489 2123 529 2184 de
554 2133 696 2206 utroque
707 2122 854 2205 judicare
875 2143 937 2206 par
952 2134 1010 2188 est.
1056 2119 1152 2206 Quod

143 2240 238 2305 enim
276 2260 381 2322 neque
405 2239 592 2304 hominibus
614 2262 675 2305 nec
695 2240 761 2305 Diis
784 2242 961 2324 pepercisse
983 2242 1153 2316 dicuntur,

147 2359 196 2424 ita
226 2358 508 2440 interpretandum
533 2371 571 2422 ut
594 2357 750 2436 dicamus,
772 2372 952 2445 utrumque
975 2359 1076 2424 inanis
1096 2379 1155 2422 no-

147 2478 287 2562 xiaeque
320 2476 575 2560 superstitionis,
606 2499 689 2562 quae
714 2479 888 2542 hominum
913 2478 1041 2564 ingenia
1059 2498 1156 2539 men-

149 2610 264 2681 tesque
297 2596 477 2678 occupabat
507 2617 545 2660 ac
573 2596 848 2682 praestringebat,
868 2595 1061 2661 adversarios
1079 2595 1158 2658 fuis·

151 2729 208 2794 se;
242 2736 328 2803 quae
354 2714 400 2777 illi
435 2728 622 2778 commenta
650 2715 789 2779 ridentes
811 2727 909 2797 atque
928 2714 1157 2795 explodentes,

143 2834 315 2918 simulque
336 2854 407 2909 eos,
429 2833 487 2918 qui
521 2833 713 2898 commentis
733 2831 798 2896 istis
824 2830 955 2915 plebem
976 2830 1160 2895 obruebant

143 2953 280 3036 ¹ipsique
306 2951 504 3021 tenebantur
533 2964 565 3017 et
595 2973 671 3014 cum
704 2949 766 3016 sibi
793 2964 866 3016 tum
884 2950 1081 3034 reipublicae
1101 2953 1161 3015 de·

152 3073 313 3138 trimento
330 3085 444 3148 erant,
473 3071 689 3158 exagitantes,
707 3073 795 3135 haud
819 3092 895 3136 sane
918 3071 1033 3135 leviter
1056 3073 1162 3135 cultus

153 3192 257 3258 divini
281 3191 404 3275 publici
425 3189 642 3255 emendationi
671 3193 836 3255 consulere
854 3189 988 3255 voluisse
1009 3190 1160 3254 censendi

152 3323 245 3376 sunt.
291 3312 399 3394 Atque
425 3309 571 3386 etiamsi,
589 3345 634 3357 —
654 3311 742 3394 quod
764 3330 973 3393 nequaquam
997 3309 1102 3391 liquet
1117 3343 1181 3397 -·

161 3443 200 3494 ut
229 3443 340 3515 postea
358 3428 518 3510 Horatio,
552 3428 677 3492 Lucilio
707 3440 836 3512 tempus
860 3426 926 3490 suit
949 3441 1015 3510 quo
1032 3447 1164 3512 percae

159 3549 313 3615 Deorum
337 3548 451 3613 culter
474 3559 506 3611 et
533 3547 733 3634 infrequens
756 3558 851 3622 esset,
870 3544 974 3631 magis
993 3544 1026 3608 id
1056 3566 1166 3629 popu-

145 3640 236 3733 laris
271 3666 434 3754 religionis
458 3669 698 3750 stultorumque
727 3663 982 3728 cerimoniarum
1016 3663 1164 3741 fastidio,

160 3808 263 3874 quam
281 3785 447 3869 impietate
471 3784 572 3848 animi
596 3786 721 3849 factum
754 3782 907 3849 arbitror.
932 3780 1088 3848 Ceterum
1107 3781 1165 3867 qui

160 3928 200 3972 ea
235 3905 298 3971 suit
327 3903 447 3992 ingenii
471 3902 654 4000 aequitate,
689 3911 728 3968 ut
759 3901 794 3967 in
823 3900 992 3986 carpendis
1018 3921 1165 3993 morum,

171 4085 451 4103 m*-

200 4213 212 4248 ι
251 4197 326 4247 Iasi.
343 4194 411 4249 Die.
429 4192 455 4260 1,
476 4211 503 4264 9,
521 4194 547 4248 8.
564 4199 565 4202 ’
625 4211 626 4216 ’
