2580 4756
533 361 597 422 117

100 539 193 602 Alter
216 538 361 602 licentiae
375 540 489 602 modus
511 552 557 602 est
573 538 766 600 subtractio
780 538 903 600 literae
925 560 962 611 s,
978 557 1072 620 quoe

52 657 113 722 ties
139 657 254 720 ultima
265 670 344 720 esset
356 657 482 740 aliaque
496 672 688 722 consonante
700 658 925 741 susciperetur.
951 656 1074 740 Quams

52 777 208 847 literam,
229 788 266 838 ut
288 797 307 837 a
329 773 583 858 Quintiliano
606 775 832 858 accipimusl,
857 799 897 839 ne
914 776 1071 840 scriben-

54 898 133 958 dam
165 894 298 977 quidem
326 895 359 956 in
381 893 559 958 verborum
590 896 656 957 fine
687 908 846 976 putarunt
878 893 1010 957 Servius
1033 903 1066 957 et

55 1012 205 1089 Messala3
239 1032 381 1096 quorum
414 1010 468 1075 ille
502 1013 649 1094 primum
672 1015 801 1076 videtur
825 1013 1007 1087 induxisse,
1030 1027 1067 1075 ut

54 1136 250 1196 auferretur.
309 1128 346 1195 C.
381 1129 544 1194 Marius
577 1130 840 1195 Maximinus
863 1131 1061 1196 Victori-

55 1273 149 1314 nus:
189 1248 356 1314 «Videtur
393 1249 541 1331 plurimis
574 1271 638 1314 esse
672 1251 804 1334 quintus
839 1250 1071 1313 communium

53 1368 254 1455 syllabarum
276 1371 414 1443 modus,
434 1368 493 1451 qui·
511 1372 596 1450 apud
619 1369 781 1432 ercilium
804 1382 969 1431 etvcteres
981 1372 1072 1431 mul·

55 1502 103 1551 tos
139 1500 185 1550 est
219 1491 464 1571 frequentatus,
488 1500 524 1549 ut
549 1500 704 1569 correpta
722 1487 836 1550 vocalis
857 1487 980 1549 desinat
997 1487 1030 1547 in
1052 1509 1075 1548 s-

56 1620 89 1671 et
111 1607 292 1688 excipiatur
316 1605 360 1668 ab
379 1605 440 1669 alia
463 1620 659 1669 consonante
679 1610 728 1669 vel
750 1606 849 1670 vocali
871 1609 1069 1670 lococonso-

56 1722 165 1788 nantis
189 1724 309 1807 posita,
342 1736 379 1788 ut
398 1737 444 1787 est
461 1724 544 1786 illud
567 1725 711 1812 (ercret.
734 1723 793 1806 IV)

60 1845 178 1931 Quare
190 1846 296 1907 etiam
309 1854 413 1929 atque
425 1846 534 1906 etiem
546 1844 622 1906 dico
641 1855 688 1904 est
702 1845 884 1904 coanntuoi’
899 1843 1078 1928 oolroptoss.

59 1965 103 2028 Et
131 1961 213 2027 item
239 1961 357 2049 (Lucil.
383 1965 424 2026 lr.
449 1961 512 2025 inc.
541 1959 641 2046 111):

367 2116 413 2126 -
435 2078 617 2167 afflaretque
640 2079 745 2142 elutis
762 2079 903 2142 naribo’
929 2081 1057 2143 teocam„

59 2198 127 2262 Hae
161 2199 302 2284 syllabae
339 2219 401 2280 pro
433 2196 588 2262 brevibus
618 2201 706 2280 apud
725 2211 864 2272 veteres,
885 2220 944 2279 pro
966 2198 1076 2284 longis
1122 2249 1133 2273 ,

60 2338 137 2382 vero
162 2320 250 2400 apud
277 2338 388 2379 omnes
413 2330 581 2399 ponuntur
593 2315 619 2381 ².
634 2337 651 2377 »
705 2317 819 2380 Idem:
867 2314 1072 2400 «Liquentes

60 2437 171 2500 literae
197 2449 273 2499 sunt
301 2449 442 2518 quatuor
463 2438 493 2511 l,
514 2458 568 2511 m,
589 2459 629 2510 n,
649 2459 675 2500 r.
701 2435 876 2519 Liquentes
901 2458 978 2499 vero
998 2437 1084 2498 ideo-

60 2556 238 2629 dicuntur‚
264 2556 352 2637 quod
374 2555 479 2617 fluant
505 2569 537 2617 et
563 2553 657 2637 quasi·
683 2554 870 2628 intereant„
889 2556 975 2616 dum-
989 2575 1071 2615 eon-

59 2686 241 2758 sequuntur
270 2671 413 2756 aliquam
443 2673 577 2736 brevem
603 2672 761 2757 syllabam
781 2694 859 2734 cum
878 2672 988 2754 quavis
1006 2672 1082 2735 alia.

62 2804 269 2857 consonante.
293 2788 377 2854 Sunt
398 2804 508 2853 autem
532 2788 668 2872 duplicis
693 2789 865 2873 potentiae.
890 2788 973 2852 Nam
996 2792 1072 2852 lou·

62 2935 139 2998 gam
165 2908 323 2996 syllabam
356 2908 513 2991 positione
543 2912 657 2971 facere·
671 2921 826 2991 possunt,
855 2909 880 2972 si
902 2909 947 2972 ita
969 2914 1075 2992 poeta»

62 3028 227 3102 voluerit,
256 3040 288 3089 et
308 3025 442 3090 brevem
463 3048 528 3089 non
552 3029 748 3108 producunt.
795 3025 892 3111 Quod
910 3028 983 3091 dico
1005 3030 1076 3090 hu-

59 3147 202 3230 jusmodi
228 3158 274 3208 est
298 3148 507 3227 exemplum,
530 3146 632 3208 uthic
655 3145 798 3210 Lucretii
819 3168 925 3210 versus
940 3183 995 3210 —.
1018 3145 1073 3210 Si-

62 3267 184 3330 militer
197 3262 339 3328 Lucilius
356 3264 419 3327 ait:
445 3263 531 3328 Tum
551 3265 714 3328 lateralis
732 3265 840 3340 dolor,
856 3268 1085 3329 certissimos...

63 3387 212 3449 nunciate
245 3384 379 3445 mortis
392 3403 453 3464 pro
482 3383 569 3446 Tum
596 3383 752 3446 laterali’
771 3382 889 3460 dolor,
915 3387 1078 3447 sortisse-.-

64 3509 133 3570 mo’
168 3506 308 3567 nunciu’
340 3504 476 3566 mortis.
524 3502 577 3568 Sic
597 3502 736 3568 habetur
756 3503 1086 3587 quasi-subtractis-s„

99 3840 111 3874 ι
153 3820 221 3888 Sup.
237 3839 266 3888 p.
284 3820 329 3873 83·
365 3821 409 3872 Cf.
430 3825 504 3873 Cic.
534 3822 669 3875 ονα1.48,

102 3941 118 3974 2
153 3921 221 3972 Art.
256 3921 379 3970 Gromm.
398 3921 410 3970 Ι
431 3918 548 3986 desyll.
573 3922 686 3970 -Luo
697 3921 882 3990 smine-111.
910 3920 954 3970 D'e
977 3920 1075 3985 script-¹

68 4019 151 4086 liujus
178 4023 205 4068 et
233 4015 351 4082 proximi
378 4016 474 4085 scripti
503 4016 540 4071 cl.
570 4020 688 4070 Osann
708 4022 805 4086 Beytr.
827 4036 849 4069 z.
876 4018 924 4069 Gr.
943 4037 971 4068 ιι.
990 4021 1073 4069 R'c'ioss

70 4117 141 4169 bit0.
152 4114 180 4167 ll
197 4150 206 4181 ,
226 4113 287 4186 3733
