2580 4756
687 351 749 411 128

262 524 430 588 Carmina
442 525 545 588 nullo
556 523 698 610 probos,
712 526 825 591 molli
836 549 923 612 quae
938 526 1058 592 limite
1067 542 1226 605 morsum,

304 640 371 707 Sesl
394 666 479 729 quoe
494 666 560 730 per
590 643 747 707 salebras
772 646 914 731 altoque
935 669 1021 710 soon
1057 647 1196 712 eadunt.

259 758 312 823 Et
334 761 403 824 titi
426 761 584 826 Maeonio
602 786 656 825 ros
679 767 833 827 carmine
856 766 976 852 masor
994 765 1164 843 labetur,

303 878 477 945 Luculli
495 881 724 946 columella
748 883 839 947 Iteio
860 887 962 949 sltu‘
987 884 1222 972 Metropha-

1064 1008 1182 1072 alst

258 1113 508 1205 Attonitusque
530 1118 620 1207 logis
644 1125 784 1184 terrai
802 1119 1079 1210 frugiferai,

300 1233 428 1301 Accius
448 1250 480 1301 et
506 1238 679 1324 quidquid
698 1238 941 1327 Pacuviusque
961 1241 1146 1307 osmont1.

46 1365 108 1414 etre-
125 1361 158 1413 80
211 1354 303 1420 Idem
327 1357 409 1435 alio,
433 1379 500 1442 quo
522 1358 709 1424 Tuccam
734 1359 848 1424 Lucilii
862 1360 1060 1424 imitatorem
1077 1361 1178 1444 petit:

244 1457 430 1549 „audemus
446 1479 582 1540 satiras
594 1515 639 1525 —
650 1476 814 1540 Lucilius
837 1501 905 1541 esso
926 1478 1094 1558 laboras,-

296 1594 394 1659 Ludo
421 1597 506 1659 loves
529 1598 698 1685 elegos—
711 1609 750 1661 tu
773 1621 902 1684 quoque
929 1597 1025 1663 ludis
1045 1598 1138 1662 idem
1151 1597 1178 1667 ².

207 1712 247 1775 ln
279 1714 406 1797 priore,
438 1728 476 1778 ut
508 1717 596 1797 apud
626 1715 792 1791 Plinium,
827 1716 968 1781 Lucilius
996 1730 1029 1780 et
1053 1716 1217 1781 Lucretius

206 1845 473 1915 componuntur,
503 1854 646 1917 quorum
669 1833 801 1917 utrique
821 1837 931 1916 palma
943 1834 985 1898 ab
1002 1834 1064 1899 illis
1076 1835 1217 1919 antiqui-

206 1953 280 2015 tatis
301 1953 514 2034 praeconibus
536 1954 666 2018 concedi
690 1954 825 2018 solebat.
849 1951 934 2018 Sunt
956 1976 1050 2033 vero,
1078 1955 1137 2042 qui
1158 1977 1217 2019 no·

205 2069 253 2133 bis
288 2072 389 2134 fidem
420 2073 527 2135 lacere
557 2073 674 2147 velint,
710 2093 749 2135 ex
772 2072 904 2136 illorum
927 2093 1058 2159 quoque
1079 2095 1215 2138 numero

206 2187 300 2251 fuisse
324 2185 563 2270 Imperatorem
578 2188 813 2266 Hadrianum,
835 2188 892 2274 qui
915 2190 1081 2255 Lucilium
1105 2192 1214 2255 omni·

196 2305 262 2368 bus
290 2306 357 2370 aliis
383 2306 486 2389 politis
518 2328 717 2390 praeponere
739 2309 854 2372 soleret
868 2307 896 2373 3.
941 2306 1004 2375 Sed
1024 2331 1146 2376 errasse
1167 2332 1213 2375 eos

202 2425 330 2488 dudum
353 2423 480 2511 Baplius
503 2423 652 2490 docuitt.
855 2515 858 2520 .

245 2542 360 2628 Itaque
396 2544 564 2608 exolevisse
597 2542 699 2628 magis
732 2543 903 2629 magisque
934 2543 1065 2608 videtur
1102 2547 1212 2634 ingens

200 2663 256 2727 illa
275 2663 390 2728 Lucilii
414 2662 588 2727 admiratio
610 2661 853 2744 Imperatorum
875 2674 1034 2745 tempore.
1081 2665 1208 2732 Verun-

199 2794 312 2846 tamen
334 2803 401 2846 non
420 2784 516 2864 plane
540 2783 730 2856 latuerunt,
753 2779 810 2864 qui
830 2780 936 2844 studio
957 2783 1026 2865 ejus
1046 2795 1080 2846 et
1099 2803 1210 2849 amore

200 2903 363 2965 ferrentur
387 2914 419 2965 et
439 2903 480 2965 ad
499 2902 646 2964 carmina
665 2901 890 2982 componenda
911 2899 1132 2967 excitarentur
1141 2903 1206 2987 ejus

14 3079 20 3091 ,
30 3044 78 3100 309
93 3045 116 3115 p
132 3047 180 3100 392
198 3020 359 3100 exemplo.
382 3018 432 3082 Ex
453 3018 571 3103 quibus
595 3017 812 3082 Ausonius
832 3016 1070 3104 Burdigalensis
1084 3032 1131 3084 est
1144 3041 1211 3085 mea

199 3140 395 3213 morandus,
417 3138 473 3221 qui
499 3137 610 3222 idyllia
628 3135 765 3218 scripsit.
810 3136 867 3201 Est
890 3137 922 3200 in
946 3137 995 3202 his
1018 3140 1208 3222 poematiis,

230 3496 240 3531 t
280 3479 381 3548 Epigr·
400 3477 442 3529 Xl
457 3512 465 3540 ,
486 3496 530 3547 9⁰·
558 3477 604 3531 cf.
620 3495 680 3545 sup.
703 3495 729 3545 p·
749 3481 798 3538 61,
822 3477 883 3533 114.

228 3593 244 3627 2
279 3576 350 3626 Eod.
371 3573 514 3644 x11,95.

227 3672 245 3722 3
282 3674 428 3723 C'rinit.
456 3676 487 3724 de
512 3676 704 3742 potralata
724 3673 749 3735 l,
770 3691 785 3741 9
805 3672 941 3740 (addens,
963 3671 997 3721 iis
1015 3672 1108 3738 politis
1127 3690 1206 3740 prae.

192 3772 312 3837 positum
335 3769 429 3833 fuisse,
448 3772 497 3841 qui
513 3781 644 3840 satyram
666 3771 869 3840 scripsissent),
900 3769 1047 3837 cyrola,
1069 3771 1103 3822 de
1118 3772 1205 3841 poitl·

198 3870 473 3936 Gr0etLot.p.192.
496 3864 1204 3927 otacon.13itliott.v.cajusLucilius.

225 3964 243 4017 4
277 3967 354 4015 Dici.
380 3983 405 4014 o.
433 3962 606 4030 Lucilep.
626 3964 685 4017 103.
723 3963 754 4014 ln
778 3964 1204 4033 Spartionivit0Hadr.16

192 4063 312 4131 legitur:
334 4062 460 4114 Ciceroni
479 4064 623 4125 Catonem,
646 4057 771 4128 Virgilio
791 4062 944 4112 Ennium
958 4062 1155 4130 -proetulr'te
