2580 4756
717 349 783 409 206

247 528 378 608 pionem
396 526 584 589 inimicitiae
610 527 739 592 fuerant
762 521 900 607 propter
922 525 1162 603 dissensionem,
1174 550 1240 614 quae

246 656 317 707 erat
351 643 386 706 in
423 642 613 726 republica,
643 645 698 706 sed
728 664 765 707 ea
799 656 962 707 manserat
994 644 1064 708 sine
1086 646 1240 711 acerbitate

247 760 398 824 dissensio
411 758 437 822 ¹.
484 758 655 825 Graviores
683 759 789 824 eidem
815 754 959 841 Scipioni
991 764 1083 826 fuere
1109 786 1181 826 cunr
1211 764 1238 830 C.

248 873 1238 961 CaecilioMetelloCapraJrimquartoMacedonicifilic.

247 995 346 1077 Apud
381 994 596 1058 Numantiam
627 995 716 1057 enim
740 992 867 1076 Scipio,
895 1015 972 1057 cum
999 997 1239 1063 stomacharetur

248 1134 325 1176 cum
350 1113 424 1187 illo,
444 1112 557 1176 dixisse
580 1112 718 1187 dicitur,
742 1113 777 1174 si
799 1113 962 1196 quintum
981 1126 1128 1198 pareret
1147 1129 1239 1179 stanter

243 1233 339 1316 ¹ejice,
364 1232 504 1292 naissum
521 1227 641 1314 fuisse
658 1228 907 1314 paruerant
944 1228 1041 1295 Unde
1066 1231 1238 1319 intelligitur

249 1347 365 1412 Lucilii
390 1369 466 1409 enm
487 1367 658 1410 armerum
680 1346 805 1410 socium
821 1346 855 1408 in
874 1344 1028 1428 Hispania
1048 1349 1153 1414 scrisse.
1183 1352 1238 1413 rln-

249 1485 306 1528 nos
332 1477 405 1526 tum
431 1465 497 1525 fere
521 1463 637 1548 viginti
660 1475 802 1546 quatuor
826 1477 920 1525 natus
941 1476 1023 1539 erat,
1047 1487 1087 1529 ac
1111 1467 1236 1548 primurn

250 1581 383 1665 quidem
420 1580 562 1643 amicitiai
586 1580 614 1643 ei
634 1582 793 1664 junctus,
816 1580 930 1644 deinde
950 1577 1109 1663 Scipionis
1134 1583 1237 1669 gratii,

249 1700 300 1763 cui
335 1700 387 1762 ille
409 1719 610 1784 magnopere
634 1697 746 1762 multis
766 1701 807 1761 de
828 1697 927 1762 causis
948 1697 1176 1782 displicuisset,
1198 1703 1236 1764 in-

249 1822 365 1882 fensus.
412 1817 508 1880 Plura
528 1817 584 1881 etsi
605 1817 645 1879 de
665 1837 704 1879 ee
719 1836 786 1878 non
801 1817 991 1893 tradantur,
1016 1830 1131 1882 tamen
1151 1819 1236 1884 edic·

251 1937 288 2000 tis
315 1935 471 2018 Scipionis
501 1949 610 2019 patet,
646 1955 713 1997 non
747 1937 854 1997 solum
885 1934 1097 2000 hebetissime
1129 1936 1237 2024 ingenie

249 2054 355 2128 fuisse,
375 2056 430 2116 sed
451 2052 550 2116 etiam
569 2048 850 2134 impudentissimo
863 2048 997 2126 anime,
1022 2054 1082 2137 qui
1104 2055 1236 2139 quumin

250 2171 400 2246 militari,
423 2184 460 2234 ut
477 2170 624 2245 videtur,
648 2168 802 2232 concione
821 2189 888 2232 non
905 2169 1088 2235 erubuisset
1111 2173 1174 2236 altu
1192 2191 1236 2237 rs·

251 2311 286 2351 ce
312 2310 429 2370 poenas
461 2289 636 2371 conqueri,
656 2286 715 2350 sibi
745 2286 788 2349 ab
806 2287 1004 2370 imperatore
1023 2289 1180 2365 inflictas,
1200 2289 1235 2352 in·

250 2407 399 2490 dignatus
418 2405 633 2469 inverecunde
655 2405 892 2469 declamantem
920 2406 1117 2471 exclamarit
1136 2405 1236 2489 Scipio:

250 2523 412 2591 «Haecine
427 2523 592 2599 servituti,
617 2544 718 2607 quam
731 2521 767 2586 iis
780 2522 922 2586 Annibal
934 2523 1166 2600 minitabatur,
1186 2523 1237 2587 cri·

248 2641 324 2726 puil
348 2663 428 2706 eone
444 2639 603 2705 beneficio
619 2637 712 2725 digni
729 2652 823 2704 erant
844 2640 901 2725 qui
913 2641 1120 2707 afficerentur
1133 2641 1160 2704 Ι»
1192 2641 1238 2706 At·

248 2784 312 2846 que
335 2763 388 2825 ille
409 2782 529 2845 parum
551 2745 735 2825 commotus
760 2760 944 2841 respondit:
981 2761 1097 2826 «Eam
1119 2761 1238 2826 llbertt·

248 2892 339 2954 tem,
361 2899 462 2962 quam
487 2876 580 2940 nobis
602 2874 745 2959 parasti,
769 2874 836 2938 noli
857 2875 949 2940 nobis
970 2875 1117 2942 invidere
1140 2874 1239 2942 autin

246 2993 438 3058 servitutem
458 3006 624 3056 mutare.»
670 2991 817 3055 Fortasse
832 2990 1030 3057 dissolutiori
1050 2994 1137 3059 sitae
1146 2992 1240 3081 generi

248 3112 282 3172 in
303 3110 410 3173 castris
433 3108 582 3172 Metellus
607 3108 661 3172 ille
690 3121 852 3185 assuetus,
877 3106 1021 3193 Scipioni
1039 3116 1129 3178 noro
1148 3111 1242 3194 impa-

247 3227 367 3304 ratori,
386 3227 443 3311 qni
459 3226 624 3301 edixerat,
649 3238 687 3289 ut
706 3226 817 3289 omnia
836 3247 877 3290 ex
889 3227 958 3302 his,
981 3248 1068 3311 quac
1085 3226 1243 3312 voluptatis

246 3345 341 3411 causi
364 3353 554 3429 comparata
577 3356 693 3420 erant,
718 3347 927 3409 anserrentur
947 3366 985 3409 ac
1005 3365 1244 3413 summoveren·

246 3464 349 3539 tur3‚
386 3464 474 3528 dicto
497 3462 629 3526 audiens
662 3482 730 3525 non
761 3459 825 3525 suit
860 3474 892 3525 et
919 3481 1038 3544 pesum
1063 3484 1177 3549 graues
1196 3460 1244 3526 sibi

284 3703 291 3735 ι
334 3688 510 3738 Οἰαῑιαεί.
532 3704 580 3748 21,
602 3704 645 3756 77.
682 3689 725 3737 Da
743 3689 816 3755 Jeep.
837 3677 861 3749 l',
884 3703 934 3757 19,
956 3686 996 3737 51,
1017 3690 1062 3738 De
1081 3690 1136 3757 Off.
1156 3686 1244 3753 l,25‚

245 3782 288 3850 87.
308 3781 350 3832 (ll.
375 3781 458 3834 Val.
479 3785 577 3835 Max.
598 3782 652 3845 lV,
677 3800 701 3845 t,
721 3796 764 3835 12.

283 3898 297 3930 2
330 3881 475 3929 DeOral.
497 3877 604 3940 ll,66,
625 3880 683 3947 267.

280 3975 1246 4047 3Polyaen.V111,16,2.{sabucetum-Iris.

245 4075 323 4140 Epir.
342 4070 383 4140 57.
404 4072 430 4118 P
441 4070 452 4119 l
462 4089 478 4120 ιι
493 4080 515 4119 t.
534 4073 681 4140 Apophtlr.
702 4089 729 4138 p.
748 4072 799 4140 758
817 4090 877 4141 sqq·
