2580 4756
230 1038 408 1108 opums
441 1035 697 1107 Lucrum
728 1033 1042 1106 ARGUMENTA.

477 1338 480 1343 ·
528 1325 754 1362 wo&—

139 1611 144 1616 ·
192 1572 379 1676 Proposito
399 1607 535 1673 nostru,
553 1596 606 1659 cui
625 1595 749 1680 partim
767 1590 998 1668 satisfecimus,
1017 1603 1056 1655 ut
1073 1611 1144 1656 om·

135 1711 215 1774 nino
248 1711 395 1788 satisfiat,
429 1733 557 1776 necesse
582 1688 752 1795 est'operis
772 1710 911 1785 satirici,
946 1710 1037 1791 cujus
1058 1710 1146 1792 frag·

134 1826 247 1893 menta
266 1841 451 1913 supersunt,
475 1829 650 1892 materiam
673 1830 982 1910 attendere,·atque
993 1824 1148 1909 indagare

134 1945 170 2007 in
200 1945 320 2028 quibus
349 1944 558 2027 potissimum
591 1944 792 2031 argumentis
833 1943 975 2008 Lucilius
1007 1954 1148 2007 versatus

133 2063 247 2125 tuerit.
295 2059 431 2125 Materia
463 2074 593 2138 autem,
631 2082 732 2145 quam
760 2061 911 2125 tractavit
933 2065 1049 2145 poe'ta,
1081 2079 1149 2121 non

136 2178 204 2241 fuit
226 2199 291 2240 una
308 2199 347 2242 ac
368 2178 517 2261 simplex,
529 2181 585 2242 sed
595 2179 739 2264 maxime
750 2178 841 2248 uaria
854 2200 892 2242 ec
904 2178 1027 2254 diffusa.
1052 2174 1150 2262 Quod

136 2294 197 2358 nisi
219 2295 292 2357 satis
309 2307 434 2377 pateret
460 2315 499 2357 ex
519 2274 718 2377 scriptorum
736 2295 925 2360 testimoniis
937 2308 970 2358 et
983 2298 1150 2381 fragmen·

135 2425 249 2477 torum
278 2409 413 2487 indiciis,
433 2412 521 2474 haud
541 2423 665 2475 temere
685 2413 839 2498 augurari
856 2413 967 2476 liceret
989 2434 1027 2476 ex
1040 2422 1152 2493 poste-

136 2529 266 2592 riorum
297 2528 503 2593 satiricorum
525 2534 701 2612 positarum
718 2550 831 2609 more,
853 2530 943 2593 velut
964 2506 1152 2601 luvenalis,
1209 2588 1218 2598 „

134 2646 195 2731 qut
213 2646 275 2708 aa:
344 2690 346 2695 ,
428 2626 431 2630 ’

137 2760 323 2850 Quidquid
341 2772 454 2849 agunt
476 2761 648 2835 homines,
671 2770 808 2837 votum,
831 2761 962 2833 timor,
987 2759 1070 2832 ira,
1095 2777 1152 2820 oo·

969 2876 1108 2962 luptas,

139 2969 300 3072 Gaudia,
328 2995 533 3071 discursus,
561 2998 678 3059 nostri
702 3006 752 3058 eet
768 2994 927 3083 farrago
953 2995 1070 3058 libelli
1082 2994 1109 3079 1.

139 3113 268 3180 Verum
300 3135 368 3177 non
391 3134 472 3198 opus
500 3111 557 3176 hic
587 3112 679 3176 nobis
710 3124 758 3178 est
781 3111 1001 3188 divinatione,
1033 3111 1155 3197 quippe

134 3209 320 3301 'Horatium
337 3244 453 3296 testem
476 3230 683 3296 habentibus.
719 3228 808 3316 Qui,
828 3229 1017 3314 memoratis
1039 3228 1157 3312 Eupo-

146 3350 230 3440 lide,
250 3347 385 3413 Cratino
406 3357 439 3412 et
457 3345 694 3430 Aristophane,
715 3322 769 3424 hi,
791 3347 919 3431 inquit,
943 3322 946 3328 Ι

193 3462 245 3530 ,tt
256 3469 336 3552 quis
350 3476 427 3529 erut
440 3465 571 3553 dignus
589 3464 744 3529 describi
759 3509 769 3541 ,
792 3463 882 3550 quod
892 3464 1009 3527 ettalus
1021 3461 1157 3551 assur,

193 3584 295 3673 Quod
317 3585 473 3649 incestus
484 3584 606 3672 soret,
631 3595 695 3647 aut
712 3585 883 3659 sicarius,
906 3595 969 3646 aut
987 3584 1125 3670 alioqui

192 3700 382 3777 Fumosae,
405 3703 522 3768 multa
537 3726 616 3768 eum
637 3703 801 3767 libertale
817 3702 986 3768 notabant
1000 3702 1027 3768 2.

188 4005 200 4042 ι
241 3988 420 4054 Sat,1‚85.

187 4107 201 4139 2
242 4085 453 4149 Sat.1,4,5
