2580 4756
550 339 614 403 287

70 534 211 582 momen
230 516 318 598 apud
336 513 511 590 Romanos,
534 535 602 578 non
623 516 710 597 apud
732 513 881 589 Graecos,
907 533 995 579 nuno
1007 515 1082 600 qui·

65 636 145 698 dem
169 631 368 696 maledicum
400 643 433 694 et
465 633 505 695 ad
541 634 704 713 carpenda
724 633 901 695 hominum
922 632 1000 697 vitia
1023 655 1079 698 ar·
1162 628 1165 634 ’

60 753 186 817 deese
211 749 396 813 comoediae
410 751 595 813 charactere
607 749 844 831 compositum,
870 753 966 834 quale
977 752 1079 833 serip-

55 880 181 933 serunt
200 864 356 930 Lucillius
374 878 408 928 et
421 864 573 929 Horatius
594 877 627 928 et
649 866 826 929 Persius—
838 864 864 928 1.
879 886 896 926 »
921 867 1079 932 Videmus

54 986 100 1050 -id
119 986 216 1069 quod
235 1005 256 1046 a
280 981 408 1046 Lucilio
431 983 620 1046 institutum
650 1005 714 1046 esse
737 996 865 1064 praeter
883 984 1080 1048 Diomedem

65 1102 121 1166 alii
132 1101 361 1174 tradiderunt,
379 1101 450 1183 jam
463 1101 520 1162 diu
541 1106 616 1164 ante
626 1123 646 1163 a
657 1099 777 1164 Naevio
789 1101 958 1183 inceptum
970 1101 1079 1166 fuisse.

67 1217 244 1284 Servatum
265 1231 312 1281 est
324 1217 416 1281 nobis
429 1217 605 1300 antiquum
616 1216 725 1282 Naevii
740 1218 866 1282 dictum
880 1246 888 1281 ε
900 1218 989 1284 Fato
1001 1220 1079 1284 Me-

66 1337 150 1400 salte·
174 1333 304 1401 Romae
314 1333 415 1420 fiunt
438 1334 630 1399 comulest.
657 1333 835 1418 Quaeritur
859 1337 979 1422 igitur,
1012 1360 1080 1422 quo

56 1454 221 1519 -carminis
239 1474 358 1540 genere
378 1473 452 1517 usus
466 1453 620 1536 antiquus
640 1452 695 1516 ille
719 1459 817 1534 polita
829 1449 980 1520 conviciis
1009 1455 1079 1520 Me·

65 1572 157 1635 tellos
180 1583 369 1653 ceterosque
392 1568 535 1652 petierit.
582 1567 745 1634 Credibile
768 1571 850 1633 mih-i
873 1572 1002 1638 videtur
1021 1597 1077 1637 sa-

65 1690 144 1753 tie-d
163 1688 346 1753 id'faotum
371 1708 435 1751 esse
458 1686 533 1763 illa,
558 1708 660 1770 quant
681 1688 795 1752 Festus
816 1689 970 1774 laudavit.
1005 1688 1079 1754 An·-

64 1804 190 1891 tiquior
207 1805 265 1871 illa
284 1805 347 1868 fuit
370 1804 526 1868 Ennianis
545 1816 579 1868 et
599 1807 695 1888 lenge
716 1804 836 1868 naturd
848 1804 967 1888 dispar.
991 1806 1076 1872 Nam

64 1937 102 1989 ut
122 1927 179 1987 has
200 1923 303 1989 varios
322 1920 442 2004 poetici
463 1920 584 2007 ingenii
601 1923 688 1984 lusus
702 1922 807 1996 fuisse,
833 1921 987 1987 verietate
1002 1947 1080 1989 me-

63 2043 106 2107 tri
133 2041 302 2115 comites,
324 2038 454 2123 patuit,
486 2038 532 2103 ita
551 2037 750 2125 Naeuianum
772 2040 905 2124 propius
936 2041 1076 2108 abfuisse

102 2344 115 2379 1
154 2329 232 2380 Insl.
248 2320 367 2382 (inlll.
386 2319 414 2392 pi
426 2325 487 2379 482.
508 2323 577 2390 Sup.
590 2341 620 2391 p.
634 2326 694 2394 278·
713 2329 742 2378 J.
758 2325 855 2378 Gerb
867 2347 906 2378 er
923 2327 1078 2379 deRema-

62 2441 165 2477 norum
180 2424 276 2476 setim
294 2422 363 2492 p059
374 2422 403 2472 in
421 2420 611 2490 antiquissimo
624 2421 766 2474 Diomedis
778 2422 883 2485 codice,
896 2425 997 2492 a.1495
1016 2423 1078 2474 Ve-

53 2519 146 2575 -ttetiis
165 2519 238 2588 typis
255 2536 384 2585 expresso
402 2537 452 2587 per
468 2516 523 2568 Th.
540 2517 587 2568 ‘De
603 2517 794 2584 Ragazonibus
814 2519 857 2569 De
870 2520 965 2582 Asela,
986 2538 1014 2570 se
1033 2521 1078 2571 le.

55 2617 132 2689 gine
148 2616 262 2669 scribit:
286 2618 395 2685 Satyra
413 2625 454 2668 est
473 2633 583 2668 carmen
601 2615 678 2681 apud
693 2616 854 2676 Romanos,
874 2634 947 2665 nunc
964 2617 1076 2685 quidem

62 2714 148 2784 apud,
161 2715 299 2777 Graecos,
312 2711 480 2763 maledicum
492 2738 532 2763 -.
553 2707 645 2776 Vulgo
663 2708 772 2776 legitur:
793 2728 849 2760 non
871 2712 982 2779 quidem
998 2716 1079 2780 apud

67 2813 211 2872 Graecos,
240 2806 303 2872 vel,
333 2807 432 2861 omisso
461 2809 539 2877 apud
560 2809 698 2869 Graecos,
728 2825 804 2857 nnnc
822 2808 933 2875 quidem
951 2808 1075 2860 maledi-

60 2924 122 2959 cum
133 2928 176 2958 -.
186 2902 290 2959 Verum
308 2905 453 2958 lectionem
463 2903 532 2956 mihi
543 2902 639 2955 videor
651 2904 812 2963 restituisse,
832 2903 942 2955 Etenim
960 2905 1075 2956 Diome-

50 3001 210 3069 ·tlespAEssss
229 3001 336 3055 floribit:
360 3003 496 3070 Satyrion
514 3010 557 3050 est
576 3001 653 3069 apud
667 3004 786 3051 Graecos
785 2998 896 3070 sabula
907 3019 954 3049 ·-.
976 3003 1074 3054 Altero

55 3098 147 3168 igitur
171 3099 237 3154 leco
256 3113 351 3151 cauere
370 3095 479 3160 uoluit,
506 3112 541 3146 ne
560 3096 622 3165 quis
640 3094 751 3147 satiram
768 3092 885 3147 Graecis
902 3103 930 3146 et
947 3096 1075 3151 Romanis

60 3210 234 3253 communem
251 3201 371 3261 putaret.

92 3307 111 3345 2
146 3292 246 3343 Bere
257 3291 300 3342 eli
318 3293 352 3342 (le
369 3309 440 3343 vers.
461 3292 524 3342 Sat.
541 3290 651 3358 negavit
669 3269 775 3342 Naevii
786 3307 894 3341 versum
914 3307 982 3353 esse,
1002 3292 1074 3342 seda

59 3386 152 3438 nereio
170 3403 226 3455 qno
245 3386 411 3450 consectum¹
432 3386 480 3455 qui
497 3384 640 3439 Ciceronis
656 3387 748 3439 verbis
767 3387 796 3436 in
811 3388 891 3438 Vm.
907 3385 934 3450 1,
947 3403 980 3440 ro
992 3388 1073 3441 ultius

20 3540 24 3544 Α
59 3482 130 3552 qnid
146 3481 235 3534 inette
256 3483 428 3550 opinaretur.
459 3482 603 3534 Adductus
616 3461 653 3534 'eo
672 3490 723 3545 est,
744 3484 861 3547 primum
879 3484 1028 3550 qnoniam,
1049 3489 1072 3539 si

61 3579 185 3633 Naevius
196 3595 314 3648 unquam
325 3580 380 3631 tale
397 3579 466 3648 quid
483 3579 603 3642 lusisset,
623 3579 652 3629 id
671 3581 768 3641 verbo,
788 3595 863 3630 more
883 3596 944 3639 suo.
963 3581 1074 3634 iudica..

60 3681 140 3726 turus
151 3672 252 3727 Cicero
265 3674 379 3737 fuisset,
399 3681 456 3726 tum
468 3675 597 3743 quonium
608 3676 653 3725 vix
666 3675 785 3726 Naevius
797 3693 864 3740 puer
876 3683 903 3726 et
915 3694 995 3727 senex
1007 3679 1073 3731 Me..

60 3772 159 3825 tellum
180 3771 300 3840 aliquem
316 3770 455 3824 consulem
470 3783 594 3824 noverat.
623 3771 904 3825 Animadvertendum
922 3781 979 3835 est,
1008 3794 1072 3828 mo-

59 3885 115 3924 rem
132 3868 215 3921 illum
233 3869 376 3921 Ciceronis
394 3885 452 3919 esse
470 3868 499 3918 in
517 3869 616 3919 ceteris
633 3869 765 3935 seriptis,
787 3871 814 3919 in
833 3871 1070 3926 orationibusnon

59 3967 173 4022 urenti.
190 3965 323 4019 Metellos
343 3973 434 4017 nutem
458 3983 528 4026 sore,
548 3966 629 4017 luisse
648 3967 760 4036 legimus
777 3984 800 4017 a.
812 3967 865 4019 505
885 3969 960 4039 (251)
981 3972 1069 4023 erote

61 4064 149 4136 (206).
173 4065 363 4140 'l'emerurium
382 4071 422 4117 est
441 4065 530 4117 omniu
552 4065 677 4132 rejicere.
