2580 4756
700 377 759 437 150

218 552 389 615 Scaurus
403 551 429 614 ¹.
453 550 611 634 Quamvis
635 563 747 614 autem
771 553 942 614 fatendum
962 553 1025 628 sit,
1051 564 1230 639 utrumque

216 669 312 738 unius
336 681 466 733 tantum
489 668 663 733 satirarum
683 667 759 731 libri
780 670 865 732 noni
886 668 1091 733 mentionem
1117 671 1230 746 secisse,

217 800 329 850 tamen
350 808 417 850 non
439 786 582 850 dubitari
606 798 729 867 potest,
754 783 837 869 quin
860 786 958 849 ceteri
982 806 1230 870 quoqueeaae·

219 916 286 968 tate
308 917 481 969 exstarent.
529 902 763 967 Grammaticis
786 902 877 966 enim
901 903 985 967 liber
1009 904 1065 968 ille
1087 926 1232 988 praeser-

219 1022 281 1092 tim
305 1043 401 1086 curae
424 1021 580 1105 cordique
604 1019 689 1095 fuit,
714 1020 836 1103 quippe
856 1042 933 1085 suae
956 1021 1148 1105 discipliuae
1163 1025 1232 1089 the·

219 1159 330 1213 sauros
360 1139 537 1203 continens.
585 1136 707 1202 Ceteris
735 1140 798 1201 hoc
828 1137 938 1202 studio
968 1138 1080 1203 alienis
1109 1153 1230 1204 eatenus

218 1258 266 1321 usl
297 1268 395 1333 sunt,
432 1267 593 1341 quatenus
614 1255 843 1338 antiquitatem
872 1256 947 1319 inde
970 1258 1132 1321 sermonis
1153 1259 1230 1321 hau-

218 1375 367 1441 riendam
390 1373 453 1438 sibi
475 1384 644 1456 putarunt.
684 1370 782 1456 Quod
805 1372 999 1458 intelligitur
1022 1394 1063 1436 ex
1083 1373 1126 1438 A.
1149 1373 1231 1439 Gel-

219 1493 295 1569 lio,
326 1493 384 1576 qui
406 1492 540 1574 suppari
563 1491 624 1555 illis
648 1503 752 1555 aetate
775 1492 910 1569 floruit,
934 1494 1024 1574 apud
1048 1513 1150 1576 quem
1171 1504 1229 1558 est:

221 1634 239 1676 u
254 1611 299 1674 At
323 1609 377 1674 ille
391 1612 515 1693 jactans
536 1609 748 1697 etgestiens:
772 1606 846 1673 Non
862 1609 952 1672 enim
978 1610 1168 1687 Lucilium,
1188 1610 1230 1674 in·

220 1727 312 1812 quit,
337 1726 517 1812 legistis,
541 1726 599 1809 qui
622 1723 908 1811 tergiversatorem
936 1725 1173 1793 bucinatorem
1190 1727 1231 1792 di·

220 1847 264 1921 cit
276 1845 338 1910 2.»
384 1844 516 1909 Publice
547 1864 681 1928 quoque
711 1846 856 1927 ejusdem
873 1865 959 1917 ‚aevo
981 1845 1102 1910 Lucilii
1124 1845 1231 1912 carmi·

221 1986 263 2026 na
284 1963 419 2027 recitata
443 1963 561 2038 fuisse,
578 1963 678 2026 modo
696 1962 846 2044 suspicati
864 1983 988 2027 sumus.
1034 1962 1090 2030 Ab
1108 1966 1170 2030 hoo
1184 1984 1232 2028 ae-

223 2094 290 2151 tate
306 2078 452 2163 proximi
472 2079 638 2143 Lucilium
652 2092 956 2144 commemorarunt
979 2078 1231 2157 Censorinus,

225 2196 452 2271 Arnobius,
485 2196 736 2261 Lactantius.
781 2196 927 2262 Primus:
966 2196 1149 2264 «Euclides
1181 2196 1232 2263 So-

225 2312 364 2378 craticus
398 2312 565 2395 duplicem
600 2313 752 2377 omuibus
772 2315 908 2379 omnino
928 2315 1021 2380 nobis
1041 2317 1177 2403 genium
1193 2317 1232 2381 di·

226 2431 270 2495 cit
292 2429 499 2512 appositum:
525 2450 626 2512 quam
649 2449 722 2493 rem
746 2433 834 2513 apud
856 2432 1036 2496 Lucillium
1055 2433 1182 2498 inlibro
1190 2455 1233 2498 sa·

228 2550 369 2614 tirarum
392 2569 481 2610 conc
505 2544 600 2636 (Cod.
623 2545 687 2611 LB.
702 2560 735 2611 et
749 2542 821 2623 Ald,
836 2549 959 2613 habent
971 2548 1066 2636 XVI)
1093 2552 1167 2617 licet
1187 2571 1233 2616 co-

227 2688 382 2755 gnoscere
394 2665 442 2730 3.»
457 2663 550 2730 Alter
563 2664 745 2730 Foroicem
757 2666 985 2745 Lucilianum,
997 2669 1056 2752 qui
1067 2670 1137 2734 sine
1148 2668 1234 2734 dubio

225 2786 301 2850 libri
327 2786 443 2848 titulus
464 2782 550 2859 fuit,
575 2795 737 2867 tanquam
760 2796 879 2847 uotum
898 2784 1088 2868 aequalibus
1100 2786 1202 2871 posuit
1211 2780 1233 2851 4.

226 2904 277 2966 Ex
309 2901 469 2966 Lactantii
489 2901 680 2965 testimoniis
709 2921 776 2965 non
801 2902 911 2966 minus
939 2903 1153 2987 perspicuum
1184 2905 1233 2980 fit,

228 3019 412 3105 cognovisse
443 3039 520 3082 eum
553 3017 670 3082 Lucilii
704 3019 861 3092 carmina.
914 3017 1007 3103 Quae
1032 3023 1109 3087 licet
1131 3023 1233 3088 diserte

229 3157 393 3221 nusquam
416 3134 613 3218 pronunciet
636 3157 655 3199 a
688 3157 720 3200 se
755 3139 838 3202 lecta
854 3159 938 3216 esse,
961 3152 1075 3204 tamen
1095 3138 1235 3229 longiorit

231 3252 407 3341 fragmenti
430 3251 574 3329 mentio,
596 3265 726 3336 praesto
740 3255 768 3319 ei
784 3255 956 3322 lectionem
967 3256 1133 3323 bbrorum
1144 3258 1236 3332 foisse,

233 3376 327 3438 docet
337 3371 364 3438 5.
401 3371 571 3435 Praeterea
599 3370 821 3445 Ausonium
843 3375 984 3469 poeticas
1010 3374 1154 3443 Tetradii
1175 3378 1238 3442 lau·

235 3584 518 3599 Μ

270 3737 282 3770 ι
321 3722 366 3770 De
385 3716 516 3783 Orthogr.
534 3733 563 3781 p.
581 3714 659 3771 2255.

271 3837 287 3870 α
322 3813 366 3867 XI
381 3849 389 3877 ι
407 3830 436 3882 72
456 3830 483 3881 9·
506 3809 600 3879 (XX,
619 3813 650 3880 8.
671 3818 697 3882 ι)
731 3813 865 3882 begere
882 3815 910 3870 h.
928 3816 949 3871 l.
969 3814 1005 3870 de
1023 3819 1106 3873 tacita
1122 3819 1240 3877 lectione·

270 3915 287 3963 5
321 3914 365 3962 De
382 3911 426 3961 die
442 3917 504 3964 nat.
524 3924 550 3968 c,
569 3909 595 3960 5.

271 4009 289 4063 it
323 4001 692 4075 Adv.oentt.11p.tt7.

272 4102 287 4169 b
323 4099 620 4169 Inst.Div.Vl,5,
642 4123 667 4156 2.
