2580 4756
690 349 752 408 208

219 522 304 586 cavit
318 521 345 586 ¹.
370 522 516 585 Tandem
543 543 619 584 cum
645 522 749 586 tribus
775 523 929 587 fratribus
947 525 1048 607 patris
1072 527 1219 612 exsequiis

218 641 319 703 affuit.

262 877 487 963 Impietatis‚
522 877 732 965 sacrilegii,
751 880 915 964 perjurii
942 893 975 944 ct
999 882 1219 966 isnpuritcts's

218 994 354 1058 crimine
378 994 646 1058 L.Hostilium
670 995 871 1058 Tubulum
894 1018 972 1060 cum
995 997 1122 1061 Rutilio
1134 997 1219 1082 Lupo

216 1111 383 1175 aanilio
405 1112 558 1196 conjungi
587 1124 723 1193 apparet
734 1111 761 1175 ².
808 1113 838 1176 Is
869 1127 1045 1198 postquam
1073 1130 1219 1199 quaestor

216 1210 421 1310 prouincialis
434 1252 462 1294 a.
477 1231 541 1292 602
556 1226 662 1316 (152),
686 1230 794 1294 aedilis
812 1233 857 1313 pl.
873 1252 901 1294 a.
916 1233 982 1294 610
998 1229 1092 1320 (144)
1109 1237 1216 1309 suerat,

216 1368 245 1410 a.
278 1348 342 1408 612
370 1341 462 1433 (142)
500 1360 630 1428 praetor
652 1347 874 1429 quaestionem
901 1351 941 1411 de
975 1349 1115 1413 crimine
1142 1351 1218 1414 inter

217 1463 343 1526 sicarios
374 1463 517 1526 obtinuit
533 1464 561 1528 3.
616 1462 690 1548 Qua
723 1465 758 1527 in
790 1487 884 1529 causa
916 1466 1040 1550 insigne
1076 1468 1219 1532 avaritiae

218 1594 316 1666 atque
342 1581 519 1665 iniquitatis
544 1586 734 1664 exemplum
760 1583 833 1646 suit.
880 1583 995 1668 Itaque
1020 1606 1128 1668 quum
1151 1605 1217 1667 pro

207 1701 306 1764 -ximo
330 1723 416 1764 anno
440 1700 607 1784 provincia
632 1701 661 1763 ei
687 1701 889 1764 decernenda
913 1705 1218 1776 esset,non1n0do

215 1840 281 1882 non
306 1817 468 1891 obtinuit,
491 1820 546 1880 sed
566 1817 601 1881 P.
614 1815 741 1882 Mucius
755 1815 907 1882 Scaevola
924 1816 1076 1882 tribunus
1094 1822 1135 1883 ad
1157 1823 1217 1904 ple·

215 1938 291 2000 bem
313 1935 515 2022 rogationem
537 1935 628 2010 tulit,
654 1938 814 2013 vellentne
833 1936 945 2020 quaeri
966 1939 1006 2000 de
1032 1938 1071 2002 L.
1085 1939 1216 2014 Tubulo,

213 2055 386 2137 superioris
420 2053 497 2117 anni
534 2068 705 2136 praetore,
741 2057 852 2137 quod,
889 2055 1114 2138 quaestionem
1144 2057 1217 2120 inter

213 2173 338 2236 sicarios
372 2193 542 2243 exercens,
566 2173 739 2254 pecuniam
764 2172 806 2235 ob
832 2193 903 2235 rem
924 2173 1139 2256 judicandam
1169 2197 1216 2238 ac·

215 2291 357 2372 cepisset.
402 2288 516 2364 Plebs,
552 2291 600 2352 uti
625 2310 737 2374 rogas,
771 2303 804 2353 et
833 2305 983 2355 senatum
1009 2294 1215 2376 quaesitorem

213 2407 407 2474 constituere
439 2405 543 2490 jussit.
590 2404 665 2490 Quo
689 2408 857 2489 plebiscito
887 2407 948 2473 Cn.
975 2407 1131 2493 Caepioni
1162 2432 1216 2475 cos.

208 2531 337 2592 decreta
368 2547 387 2590 a
417 2539 530 2589 senatu
563 2525 717 2609 quaestio.
771 2526 920 2591 Tubulus
944 2549 1042 2606 vero,
1067 2551 1134 2594 non
1163 2551 1215 2593 ex·

210 2658 353 2731 spectato
366 2643 505 2729 judicio,
529 2665 589 2731 nec
607 2645 801 2726 respondere
822 2666 933 2722 ausus,
957 2647 1106 2732 quiores
1129 2668 1216 2732 aper·

210 2765 355 2840 tissima,
385 2785 478 2829 causa
501 2762 783 2844 impudentissima
802 2775 894 2839 erat,
920 2764 955 2827 in
977 2765 1127 2829 exsilium
1156 2777 1217 2829 sta·

212 2885 272 2945 tim
309 2884 473 2963 profectus
501 2895 558 2945 est.
611 2879 809 2962 Improbitas
840 2894 952 2945 tamen
975 2884 1043 2965 ejus
1068 2896 1216 2948 nouerat

210 3012 267 3064 aut
296 3020 373 3062 cum
405 2998 627 3062 imbecillitate
659 3011 716 3062 aut
751 3020 827 3062 cum
863 2999 1037 3064 calliditate
1060 3014 1118 3066 aut
1148 3022 1216 3066 eum

210 3116 423 3180 inconstantia
444 3113 662 3197 conjuncta4‚
684 3118 739 3179 sed
760 3131 830 3179 erat
851 3117 995 3181 maxime
1018 3132 1152 3202 aperta,
1174 3118 1216 3181 in·

211 3237 337 3297 fucata:
360 3253 439 3316 prae
459 3253 491 3295 se
516 3232 657 3308 ferebat,
680 3234 842 3317 quidquid
859 3233 894 3297 in
912 3255 1041 3310 mores,
1065 3236 1101 3299 in
1122 3240 1216 3322 leges.

247 3536 259 3572 1
297 3517 410 3586 Pigh.
438 3517 516 3567 Ana.
540 3514 585 3568 lll
610 3533 639 3582 p.
659 3516 709 3576 26,
729 3516 775 3576 41,
795 3514 845 3585 75,
863 3517 909 3582 86,
927 3535 972 3586 90,
994 3519 1058 3580 108,
1081 3517 1217 3581 113‚160.

214 3611 591 3683 eff.Eutr0p.1V,25.
616 3615 710 3683 App.
729 3617 764 3665 B.
788 3617 816 3666 0.
833 3615 856 3676 Ι,
876 3617 925 3669 28,
941 3617 1017 3667 cte.
1034 3627 1101 3685 post
1118 3618 1212 3669 redde

219 3713 282 3761 Sen.
295 3711 341 3770 15,
361 3711 403 3775 57.
422 3714 493 3761 Post
513 3712 572 3768 red.
591 3713 628 3761 ad
647 3713 727 3780 Quir,
747 3711 773 3770 3,
794 3713 819 3764 6.

248 3824 264 3857 2
299 3809 343 3856 De
365 3809 436 3860 Nat.
454 3809 492 3859 D.
513 3808 536 3866 Ι,
557 3807 601 3866 23,
621 3807 664 3858 03.

248 3902 264 3952 3
297 3903 401 3971 Pige.
422 3902 449 3954 ll
472 3919 499 3968 p.
520 3903 584 3964 436,
604 3904 668 3965 468,
687 3903 752 3972 476,
770 3902 835 3956 480.

249 3999 266 4047 4
305 4000 378 4047 Cic.
397 3999 429 4048 de
449 3995 904 4066 Ftn.11,16,54.lv,28,77.
940 4000 984 4050 De
1007 3999 1077 4048 Nat.
1101 4001 1141 4049 D.
1163 3994 1217 4056 ΙΝ,

213 4095 257 4157 30,
278 4096 312 4163 74
