2580 4756
618 361 686 423 275

133 533 250 600 Livius
271 549 444 600 maritarat.
479 534 645 601 Diuturno
667 556 746 623 engo
769 557 830 602 usu
848 533 1038 620 assiduaque
1051 555 1148 597 exer-

131 653 291 719 citatione
321 653 454 717 emersit
485 674 535 717 res
568 654 694 718 scenica
719 657 807 737 apud
836 655 1013 719 Romanos.
1059 649 1149 715 Tum

127 773 275 857 propriis
301 794 342 837 ac
370 773 553 836 domesticis
583 771 763 836 artificibus
788 775 1005 837 histrionum
1027 791 1149 834 nomen

134 891 299 965 inditum,
322 891 398 972 qui,
419 886 591 971 repudiata
610 888 887 954 Fescenninorum
901 889 1064 962 ruditate,
1089 888 1151 950 im·

126 1011 239 1092 pletas
270 1006 375 1070 modis
408 1019 532 1070 saturas
564 1020 786 1092 peregerunt,
811 1028 876 1070 non
903 1007 977 1071 satis
995 1004 1152 1068 habentes

129 1128 179 1190 ad
196 1123 344 1189 tibicinis
366 1127 480 1187 modos
502 1127 641 1200 saltare,
664 1127 719 1188 sed
741 1108 783 1188 ad
805 1126 936 1188 eosdem
958 1123 1075 1186 *modos
1099 1142 1151 1185 ca·

134 1255 249 1307 nentes
276 1255 310 1306 ct
337 1241 448 1305 cantui
476 1239 725 1305 convenientem
750 1255 782 1306 et
807 1241 1026 1323 compositum
1051 1239 1150 1303 totius

129 1359 282 1444 corporis
318 1372 449 1423 motum
476 1360 699 1445 adjungentes.
746 1358 966 1442 Intelligitur,
991 1356 1150 1439 paulatim

131 1494 295 1563 magnam
308 1477 379 1540 ‘arti
399 1477 524 1561 gratiae
547 1479 678 1541 laudem
700 1476 733 1541 et
756 1475 1076 1542 commendationem
1092 1495 1150 1537 ac-

131 1615 280 1671 cessisse,
312 1593 435 1678 quippe
465 1606 499 1656 et
530 1615 592 1676 pro
621 1594 755 1658 horrido
779 1593 924 1658 carmine
943 1593 1079 1657 cultiore
1095 1591 1151 1654 in·

135 1716 258 1787 ducto,
282 1724 314 1775 et
331 1713 504 1784 emendato
520 1722 613 1798 gestu
633 1723 666 1775 et
682 1709 804 1776 adscita
824 1709 938 1776 cantus
969 1708 1150 1781 dulcedine,
1181 1710 1183 1718 “

127 1829 326 1895 asseratis
357 1826 501 1893 tibicinis
537 1828 652 1893 modis.
697 1827 826 1893 Verum
856 1829 965 1910 quales
985 1825 1147 1909 intelligat·
1237 1829 1239 1833 ‘

131 1969 210 2012 mus
233 1946 443 2011 suturarum
464 1947 581 2010 nsodss
592 1947 658 2012 sive
669 1947 837 2033 impletos
848 1945 961 2010 modis
974 1945 1146 2008 saturos?

138 2065 245 2130 Mnnk
266 2069 346 2130 haec
363 2065 479 2129 habet:
506 2089 524 2130 u
536 2063 584 2130 Ut
602 2066 689 2147 apud
707 2063 846 2129 Graecos
858 2063 1024 2149 tragtaedia
1032 2058 1150 2124 Bacchi

131 2185 241 2250 cultui
262 2183 422 2268 originem
438 2181 599 2258 debebam
625 2182 792 2247 comoedia
808 2193 938 2256 contra,
962 2200 1064 2262 quam
1077 2176 1149 2240 festi

132 2301 282 2367 ¹lu'lasitas
303 2307 551 2382 procreaverat,
576 2299 657 2362 nihil
674 2299 733 2362 uisi
752 2301 860 2382 jocosa
878 2297 1061 2383 tragoediae
1072 2314 1149 2357 con-

136 2421 244 2485 sessio
260 2432 352 2494 erat,
374 2419 422 2482 ita
445 2418 533 2500 apud
551 2419 716 2482 Romame
737 2438 776 2480 ex
801 2416 956 2480 Etruscae
976 2415 1059 2477 illi-us
1084 2414 1150 2476 sal-

138 2539 268 2602 tationis
296 2533 432 2599 ridicula
456 2533 643 2597 imitatione
681 2531 780 2597 satira
810 2546 886 2596 orta
913 2543 979 2607 est,
1012 2530 1088 2592 licet
1118 2541 1151 2591 ct

135 2655 324 2721 comoediae
345 2666 378 2717 et
391 2649 511 2716 satirae
525 2652 707 2724 elementa,
729 2645 836 2712 irrisio
862 2661 894 2711 et
910 2647 1050 2732 jocatio,
1073 2664 1151 2708 om-

135 2790 216 2839 ma
247 2784 354 2836 artem
386 2766 643 2840 maecenatem,
669 2766 718 2830 Eo
743 2763 832 2829 enim
861 2767 951 2848 quod
973 2773 1151 2846 coeperunt

139 2910 252 2958 tarsus
284 2900 379 2950 antea
404 2898 528 2949 ternam
549 2896 582 2948 et
596 2881 815 2965 ‘incomposite
830 2883 968 2966 jactatos
989 2902 1067 2944 oum
1090 2880 1151 2943 sal·

137 3008 263 3074 unione
297 3015 460 3086 cantuque
488 3003 710 3085 coniungere,
740 3000 834 3065 ludus
856 2998 1015 3081 paulatim
1039 2998 1074 3059 in
1094 3016 1151 3059 ar·

136 3137 209 3189 totu
245 3131 392 3182 imitatus
422 3115 601 3181 artificibus
630 3117 707 3198 J'am
724 3113 862 3199 egebat,
897 3112 961 3195 qui,
983 3112 1151 3177 studiosius

135 3241 186 3305 sei
222 3255 360 3320 operam
389 3237 516 3299 darent.
563 3230 685 3296 Satirae
709 3248 831 3295 nomen
851 3241 963 3293 nactus
977 3250 1042 3294 esse
1062 3230 1150 3296 vide-

137 3370 195 3423 uu
210 3355 262 3426 <ab
294 3352 493 3427 verborum,
518 3347 652 3424 cantus,
681 3348 920 3430 saltationisque
945 3348 1152 3428 conjunctio-

137 3494 243 3549 nem,
263 3492 351 3556 quas
368 3469 454 3544 oria,
476 3488 584 3552 quum
608 3478 703 3529 antes
720 3476 823 3528 essent
840 3463 1007 3545 sejuncta,
1028 3474 1100 3526 tum
1117 3463 1152 3526 in

140 3599 248 3669 atham
276 3588 460 3654 consociata
491 3597 650 3668 tanquam
679 3582 822 3645 &versae
850 3581 958 3663 fruges
984 3579 1020 3663 in
1041 3592 1152 3644 satura

142 3711 233 3774 lance
252 3707 376 3790 populo
400 3674 620 3767 offerebantur
633 3699 687 3763 1.»
724 3694 862 3760 Fallitur
885 3695 931 3758 ita
953 3715 1024 3758 rem
1047 3718 1150 3780 expo-

143 3845 240 3891 nens:
264 3844 341 3886 narn
358 3832 451 3904 patet
473 3841 491 3882 e
511 3818 595 3883 Livii
609 3815 732 3898 verbis,
754 3813 1151 3894 nonobconjunctionem

178 4066 192 4105 ι
232 4049 283 4117 op.
301 4046 323 4103 Ι.
340 4062 368 4110 p.
389 4041 431 4095 15.

478 4130 480 4133 ’
654 4163 718 4224 18*
