2580 4756
681 333 750 406 216-

205 510 321 602 auguri
342 519 526 583 subiratum
545 522 639 584 fuisse
661 521 824 583 Lucilium
848 540 987 603 eamque
1000 533 1132 583 causam
1142 496 1208 594 este,

207 658 265 699 cur
284 636 392 700 minus
415 639 472 720 ipsi
486 639 556 714 sibi,
575 661 674 722 quam
690 640 857 714 voluisset,
881 638 1051 702 familiaris
1070 637 1177 701 fuisset
1188 635 1209 703 ¹.

211 754 306 820 Unde
330 769 429 836 patet,
450 775 516 818 non
536 758 606 838 pari
624 758 697 820 odio
718 757 843 821 habitos
863 757 904 819 ab
925 778 962 820 eo
978 755 1167 821 Scaevolam
1186 771 1212 820 et

209 870 365 954 Lupum,
388 875 443 935 sed
464 874 620 936 leviorem
640 875 675 936 in
692 876 788 937 illum
812 875 896 937 iram
914 875 1108 957 suscepisse,
1133 877 1212 939 hunc

210 1003 412 1053 tantumnon
433 1004 634 1054 exsecratum
656 1013 729 1054 esse.
756 992 871 1076 Itaque
893 990 981 1056 haud
1001 993 1072 1056 scio
1092 1015 1135 1057 an
1156 1013 1213 1055 non

209 1107 328 1170 rectius
348 1107 382 1171 P.
396 1106 570 1170 Mucium
587 1106 817 1178 Scaevolam
836 1109 1085 1193 intelligendum
1099 1130 1213 1173 censea-

209 1247 293 1300 mus,
315 1226 372 1308 qui
396 1225 546 1288 tribunus
567 1226 668 1307 plebis
681 1227 883 1311 rogationem
896 1227 971 1289 tulit
984 1229 1025 1290 ad
1039 1230 1214 1309 populum,

211 1344 371 1406 vellentne
394 1343 506 1425 quaeri
537 1345 576 1404 de
594 1343 631 1405 L.
658 1336 795 1406 Hostilio
817 1343 967 1418 Tubulo,
993 1343 1073 1427 qui,
1094 1357 1214 1425 praetor

213 1459 435 1540 quaestionem
460 1458 545 1520 inter
565 1460 693 1522 sicarios
714 1480 888 1535 exercens,
906 1459 1061 1542 pecunias
1085 1460 1130 1523 ob
1153 1481 1214 1524 rem

207 1575 417 1656 judicandam
448 1575 629 1656 accepisset.
676 1577 725 1639 Ac
753 1578 855 1662 magis
876 1597 951 1639 sane
968 1597 1149 1641 movemur
1168 1567 1213 1652 eo,

214 1695 302 1774 quod
332 1713 409 1755 eum
439 1693 616 1774 accipimus
648 1693 794 1756 invidisse
814 1707 846 1756 et
867 1694 1062 1758 obtrectasse
1084 1688 1215 1776 Scipioni

216 1809 336 1871 minori
349 1807 375 1870 2.
400 1807 492 1891 Quae
510 1805 680 1872 inimicitia
693 1809 890 1872 hauddubie
904 1811 1036 1885 exstitit,
1049 1824 1215 1894 postquam

217 1925 268 1988 Ti.
292 1924 430 1989 Gracchi
455 1925 600 2005 partibus
624 1929 731 1988 farere
757 1940 908 2008 coeperat
931 1923 1097 1991 Scaevola.
1144 1925 1216 1989 Nam

216 2043 463 2106 existimabatur
482 2065 559 2106 cum
580 2046 681 2106 tratre
702 2043 736 2105 P.
763 2043 878 2108 Crasso
897 2057 1011 2107 auctor
1023 2044 1217 2129 agrariorum

218 2163 330 2243 legum
348 2161 461 2235 fuisse,
475 2182 554 2243 quas
578 2162 630 2223 ille
648 2162 829 2242 pertulisset
843 2162 870 2226 3.
894 2159 1008 2245 Quum
1024 2184 1103 2226 vero
1115 2162 1218 2225 deinde

221 2295 283 2338 cos.
303 2297 331 2337 a.
358 2276 420 2337 621
462 2274 553 2362 (133)
591 2277 625 2338 in
657 2281 770 2340 aedem
800 2277 890 2341 Fidei
919 2279 1054 2360 publice
1080 2293 1217 2342 senatum

221 2390 422 2462 convocasset
444 2407 498 2470 ut,
521 2395 602 2478 quid
619 2396 688 2458 fieri
707 2409 883 2477 praestaret
905 2399 1065 2460 turbante
1091 2419 1220 2479 rempu-

221 2516 341 2579 blicam
352 2514 404 2576 Ti.
419 2500 584 2588 Graccho,
598 2513 830 2589 deliberarent,
840 2511 1014 2598 cunctique
1026 2513 1221 2589 censuissent,

220 2637 260 2697 ¹'ut
284 2653 345 2697 cos.
369 2617 467 2695 armis
488 2630 914 2712 rempublicam‘tueretnr,
936 2631 1112 2718 negavisse
1138 2629 1222 2714 quid·

217 2775 324 2837 quam
346 2753 378 2815 ri
400 2772 463 2814 esse
483 2763 646 2814 acturum.
694 2749 732 2812 Id
755 2749 904 2832 quamvis
924 2745 1079 2833 segnitiae
1104 2770 1143 2811 ac
1165 2725 1223 2809 lan·

217 2870 322 2956 ¹gumi
342 2870 409 2950 ejus
430 2867 596 2930 tributum
612 2888 676 2930 esse
696 2880 827 2949 pateat,
846 2880 958 2930 tamen
977 2865 1155 2940 credibile,
1180 2862 1225 2925 ni·

225 2987 271 3050 hil
291 2986 461 3050 violentius
480 3006 557 3048 eum
576 2988 681 3048 lacere
704 2982 859 3058 voluisse,
883 2982 1038 3066 quoniam
1063 2980 1225 3051 Graccho,

218 3103 278 3166 'cui
299 3103 471 3165 studuisset
491 3104 616 3175 adhuc,
637 3121 770 3181 parcere
793 3103 899 3164 vellet.
924 3097 987 3162 Sed
1000 3100 1226 3164 detrectantem

225 3224 306 3283 eum
319 3217 482 3299 increpuit
499 3215 535 3280 P.
550 3215 657 3297 Scipio
668 3215 789 3280 Nasica.
817 3215 992 3301 Quoniam
1005 3214 1145 3298 ‚inquit
1158 3233 1227 3276 eon-

223 3339 296 3415 ἐπὶ,
310 3336 503 3422 domjura‘s
515 3334 669 3397 ordinem
681 3336 849 3419 sequitur,
868 3332 910 3396 td
920 3335 1012 3420 ogit,
1024 3343 1067 3395 ut
1080 3353 1157 3395 eum
1168 3350 1229 3393 om·

220 3457 332 3521 'nibus
354 3454 489 3541 legibus
512 3451 708 3517 Romanum
727 3454 917 3537 imperium
939 3463 1096 3526 corruat,
1111 3455 1230 3536 egomt!

225 3577 392 3660 privatus
409 3572 588 3634 vastantatt
600 3582 732 3633 vestrae
743 3592 795 3633 me
806 3569 924 3633 ducem
937 3567 1054 3653 offers.
1080 3566 1129 3632 Ac
1151 3568 1231 3629 laeva

229 3711 331 3760 nianu
345 3700 438 3778 togae
450 3700 542 3769 parte
555 3687 767 3784 circumdata,
779 3687 973 3770 sublataque
984 3687 1099 3753 dextra
1109 3683 1232 3767 procla·

231 3837 462 3854 ’,μὴ-μ

266 3903 277 3938 s
317 3883 385 3947 sup.
404 3898 431 3945 p.
453 3881 498 3933 44.

266 4000 284 4036 2
319 3981 394 4029 Cic.
414 3979 446 4029 de
463 3981 535 4046 Rep.
555 3978 579 4039 l,
601 3995 642 4045 19.

268 4077 284 4134 5
320 4078 374 4126 Id.
394 4075 484 4127 Acori.
505 4072 546 4138 ll,
568 4074 594 4136 5,
617 4075 658 4128 13.
