2616 4762
556 347 558 351 ·
616 332 680 392 273

126 506 287 588 xspectis,
310 519 346 567 ut
361 517 455 568 antea
476 507 601 568 sactum
620 508 831 592 cognovimus
844 506 870 582 ¹,
885 506 1047 595 Sibyllinis
1060 509 1168 586 libris,

147 623 319 706 pontifices
337 623 529 698 edixerunt,
559 623 689 688 scenicis
721 625 803 688 ludis
825 626 907 689 Deos
927 628 1048 708 placari
1073 630 1164 692 velle.
1217 712 1220 717 Ι

150 741 287 805 Frustra
309 753 443 822 experta
475 752 545 802 erat
561 742 716 824 juventus
745 742 918 818 Romana,
951 748 1167 826 quemadmo-

152 860 234 921 dum
256 857 399 921 solennia
419 857 565 920 carmina
581 852 672 921 vario
696 859 895 942 proprioque
916 875 1008 945 gestu
1032 875 1161 927 ornaret

153 988 185 1039 et
222 979 479 1040 commendaret.
526 974 589 1040 Sed
623 998 726 1060 quum
750 999 811 1041 nec
842 991 959 1042 natura
978 981 1084 1061 pulcri
1107 1002 1169 1045 se·

154 1094 307 1176 nustique
328 1109 422 1159 sensu
441 1115 493 1158 eos
518 1094 703 1170 imbuisset,
726 1117 786 1160 nee
818 1096 988 1179 disciplinis
1013 1109 1165 1161 naturam

153 1212 365 1294 adjuvissent,
390 1212 573 1275 inconcinni
601 1227 695 1277 erant
715 1235 892 1296 corporum
918 1227 1045 1290 motus,
1076 1215 1167 1278 omni

153 1329 276 1393 decoris
300 1329 544 1414 elegantiusque
564 1330 669 1412 specie
693 1332 847 1395 destituti.
873 1330 903 1394 N
906 1352 949 1394 on
973 1307 1168 1417 ignorabant

153 1466 194 1509 eo
215 1459 365 1528 tempore
388 1446 555 1522 Romani,
580 1460 742 1529 praestare
765 1470 802 1511 ea
821 1461 891 1511 arte
916 1449 1088 1525 Etruscos,
1113 1449 1169 1515 sed

155 1564 305 1627 imitandi
316 1564 463 1628 studium
476 1568 566 1628 nulla
578 1567 683 1629 adhuc
697 1587 791 1630 causa
802 1566 1008 1629 excitaverat.
1034 1566 1165 1653 Urgen-

136 1695 189 1744 ·te
213 1682 282 1764 jam
310 1693 477 1764 tempore,
511 1703 668 1746 arcessere
700 1704 739 1745 ex
770 1682 903 1746 Etruria
928 1703 1004 1743 cum
1029 1682 1169 1745 tibicini·

154 1783 413 1861 hus2'ludi0nes
437 1799 543 1862 visum
564 1813 633 1876 est;
659 1797 718 1883 qui
738 1811 832 1884 grata
854 1800 976 1881 pedum
990 1820 1172 1863 manuum-

153 1938 219 2000 que
239 1916 383 2002 agilitate
400 1919 523 1999 populo
536 1917 730 1998 placebant,
754 1938 814 1980 nec
832 1928 963 1979 tantum
977 1917 1170 1980 admiratio·

154 2057 232 2098 nem
253 2037 308 2098 sed
329 2036 426 2098 etiam
440 2034 693 2097 aemulationem
707 2034 884 2097 movebant
898 2033 926 2096 3.
953 2034 1086 2098 incensa
1097 2049 1169 2099 stu-

154 2151 208 2214 dio
221 2153 375 2234 juventus
386 2173 435 2227 ea,
448 2173 532 2234 quae
545 2152 656 2218 tacitos
669 2166 859 2237 peragentes
873 2153 1019 2216 ludiones
1034 2153 1168 2224 viderat,

155 2268 299 2342 imitata,
324 2268 421 2331 misso
442 2270 509 2350 jam
529 2269 712 2333 solennium
734 2284 766 2333 et
779 2272 1035 2353 compositorum
1049 2271 1166 2335 carmi-

156 2407 239 2448 num
263 2385 347 2459 ritu,
371 2385 438 2468 ipsa
462 2387 623 2462 ludicros,
648 2401 797 2469 tempore
820 2392 904 2452 fusos
925 2403 1023 2471 atque
1041 2389 1166 2451 incom-

155 2502 274 2585 positos
306 2524 414 2566 versus
449 2503 601 2598 alteruis
635 2505 763 2567 edebat.
810 2502 865 2565 His
882 2503 1054 2606 incenditis
1086 2505 1164 2582 iocis

157 2621 263 2685 omnis
294 2621 407 2685 aberat
435 2621 587 2702 asperitas
612 2633 644 2682 et
669 2618 873 2683 conviciandi
896 2619 1017 2695 libid0;
1042 2620 1168 2682 scurri-

155 2739 308 2801 lia'erant
325 2737 634 2822 αὐτοσχεδιάσματα,
659 2737 761 2818 plebis
784 2758 876 2799 aures
898 2749 930 2798 et
952 2738 1060 2798 oculos
1080 2739 1168 2798 mul-

155 2856 273 2920 centia.
319 2856 446 2941 Exigua
474 2857 554 2918 haec
586 2867 618 2917 et
639 2855 761 2917 inculta
784 2853 927 2917 scenicae
949 2857 1079 2934 poeseos
1105 2855 1169 2917 ele·

167 3063 444 3077 ——nn—om

190 3181 202 3218 ι
241 3152 323 3218 mv.
342 3157 381 3228 V,
403 3166 445 3220 15.

188 3281 205 3316 2
241 3264 350 3319 ovid.
375 3265 412 3316 A.
431 3266 468 3315 A·
489 3264 514 3326 Ι,
533 3259 598 3316 11ιῖ

238 3363 384 3430 Dumque,
402 3361 498 3410 rudem
512 3360 666 3428 praebente
683 3361 792 3410 modum
808 3359 924 3409 tibicine
948 3361 1059 3421 Tusca,

274 3457 383 3508 Ludius
401 3465 554 3525 aequatam
572 3464 616 3504 ter
630 3455 703 3522 pede
718 3453 818 3521 pulsat
839 3453 963 3502 humum.

187 3553 204 3604 3
239 3552 303 3605 Non
324 3569 386 3602 sone
405 3550 741 3603 audiendusCluvius
759 3548 837 3597 Rus
847 3565 896 3606 us,
917 3548 964 3614 qui
984 3546 1165 3609 peslilenliam

151 3653 241 3702 πάντας
261 3652 348 3706 ὁμαλῶς
369 3650 492 3706 διαφθεῖραι
513 3651 563 3700 τοῦς
583 3650 621 3693 ἐπὶ
642 3650 724 3698 σκηνὴν
744 3646 912 3703 προερχομένους
932 3651 1035 3706 narrari,
1057 3661 1172 3713 eamque

154 3761 260 3796 causam
287 3743 369 3794 luisse
388 3761 437 3794 cur
455 3760 487 3793 ex
508 3741 620 3793 Etruria
640 3741 761 3791 arlilices
783 3747 950 3790 arcesserent
968 3739 1090 3794 Romani.
1111 3741 1168 3792 Cs-

153 3848 243 3892 terum
258 3848 408 3900 memorat,
428 3842 470 3885 rav
491 3845 600 3896 τεχνίτων
622 3844 659 3885 ris
680 3839 818 3895 πρωτεύοντα
840 3837 891 3894 δόξῃ
911 3843 950 3884 uel
974 3841 1043 3896 χρόνῳ
1058 3845 1168 3884 πλεῖστον

150 3940 319 3996 insumpsisset
333 3942 379 3988 τοῖς
392 3939 499 3992 θεάτροις,
513 3936 625 3992 Ἴστρον
638 3932 804 3998 appellulurn
817 3930 909 3980 fuisso.
922 3931 991 3982 Plu
1000 3942 1021 3989 t,
1039 3934 1171 4000 Quaerit.

151 4035 234 4084 Rom.
253 4050 281 4098 p.
301 4030 350 4084 163
369 4031 456 4102 (289).

665 4159 703 4219 18
