2580 4756
557 376 616 441 181

55 554 170 620 mitate
198 567 241 618 et·
261 552 447 617 urbanitate
466 552 500 616 in
524 553 649 618 Lucilio
673 553 844 634 conspicua
865 571 1005 636 vereque
1028 551 1071 615 ab

55 673 194 736 Horatio
205 673 335 736 laudata
348 669 386 746 1,
410 669 465 733 hic
488 673 639 752 exemplo
660 668 939 733 confirmabimus.
970 667 1072 753 Lagi·

55 807 113 855 tur
135 792 223 872 apud
244 788 504 874 Hieronymum:
531 785 623 853 «Sed
642 800 675 850 et
692 791 789 870 posita
807 786 953 850 sublimis
977 783 1070 873 (Vir-

55 890 194 994 gilius),
216 927 283 969 non
294 875 464 970 liemarus
487 906 595 982 altar,
619 920 657 971 ut
680 905 822 968 Lucilius
844 906 884 968 de
896 903 1002 967 Ennio
1017 925 1068 966 su-

57 1025 223 1108 spicatur,
242 1027 298 1088 sed
320 1024 447 1108 primus
459 1021 620 1088 Homerus
638 1025 725 1107 apud
742 1021 872 1086 Latinos
883 1056 928 1070 -
940 1019 980 1081 ²»
1006 1018 1070 1104 Qui

56 1149 162 1218 locus,
187 1143 428 1226 praetermissus
448 1141 604 1217 aDousa,
628 1140 762 1224 probat,
787 1139 914 1226 egregie
939 1141 979 1202 de
1000 1139 1071 1225 Ea·

57 1261 113 1324 nio
140 1261 268 1323 sensisse
289 1281 388 1334 eum,
412 1281 518 1343 neque
539 1259 608 1321 ulld
628 1273 685 1322 aut
700 1257 821 1322 invidid
846 1271 903 1322 aut
922 1257 971 1319 ira
991 1258 1070 1319 due-

58 1395 132 1441 tum
159 1378 308 1459 carpsisse
341 1359 448 1441 illum.
495 1352 680 1453 Praeterea,
705 1376 761 1460 qui
791 1377 879 1440 idem
907 1374 1070 1456 respexit,

58 1495 232 1559 Horatium
251 1495 439 1559 audiamus:

102 1611 247 1675 Ennius
268 1624 300 1675 at
317 1614 456 1698 sopiens
473 1625 505 1676 at
522 1612 641 1700 fortia
660 1625 692 1676 at
712 1614 807 1676 altar
827 1611 1018 1688 Homerus,

104 1729 340 1793 Utartttat
363 1729 483 1793 dicuat
501 1768 545 1779 -
565 1730 592 1794 3.

59 1849 150 1912 Patet
162 1847 257 1921 hinc,
280 1847 315 1909 in
330 1849 472 1910 criticis
493 1847 535 1910 ab
548 1846 682 1911 Horatio
692 1847 855 1912 Lucilium
869 1846 965 1928 poni,
991 1866 1071 1929 quo·

58 1968 149 2029 niam
168 1965 280 2029 critica
302 1965 427 2028 ratione
439 1964 538 2027 Ennii
552 1964 698 2027 carmina
710 1965 901 2047 explorabat
912 1977 945 2028 et
956 1985 1070 2028 eorum

57 2107 89 2147 se
110 2081 260 2167 judicem
281 2081 416 2145 ferebat.
452 2081 500 2145 De
524 2081 632 2145 Ennio
653 2082 734 2146 illud
751 2097 798 2146 est
810 2075 926 2146 ¹Seruii
943 2083 983 2145 ad
996 2081 1072 2147 Vir·

58 2201 128 2286 gilii
143 2199 245 2262 verba
265 2199 383 2262 horret
400 2221 511 2287 agar.-
534 2199 702 2274 «Horret,
725 2201 878 2265 terribilis
890 2198 946 2276 est,
969 2214 1003 2264 et
1025 2215 1072 2264 est

60 2341 169 2383 versus
204 2318 370 2381 Ennianus
384 2318 405 2393 ,’
428 2319 630 2402 vituperatus
652 2340 671 2382 a
692 2319 837 2396 Lucilio,
867 2321 993 2384 dicente
1013 2342 1071 2403 per

56 2437 238 2500 irrisionem
260 2456 336 2498 eum
350 2435 495 2500 debuisse
512 2436 635 2500 dicere:
662 2435 779 2500 barret
797 2448 830 2499 et
847 2437 957 2524 olgea·
982 2440 1069 2500 unde

59 2555 216 2619 Horatius
232 2556 272 2617 de
298 2550 439 2616 Lucilio:
463 2574 533 2615 non
556 2551 666 2626 ridet,
691 2548 819 2627 dicens,
842 2552 1072 2617 varsusEnnt

56 2675 240 2761 gravitate
260 2670 448 2735 miserest
464 2690 482 2731 »
507 2669 624 2753 ltaque
644 2691 750 2752 quum
773 2669 888 2733 acerbe
911 2673 1072 2753 quaedam

59 2800 210 2863 notarat,
221 2804 294 2852 tum
307 2789 405 2852 etiam
418 2789 507 2850 idem
516 2776 682 2876 mutandi
689 2786 749 2849 sibi
758 2787 810 2870 jus
821 2785 936 2851 sumsit
947 2786 982 2849 in
993 2787 1072 2864 aliis,

48 2931 129 2994 „quo
148 2929 215 2971 non
235 2907 344 2969 minus
362 2906 454 2968 insui
467 2905 572 2989 operis
586 2905 825 2969 existimatione
842 2905 890 2969 uti
910 2905 1033 2970 solebat
1045 2906 1073 2972 5.

61 3029 171 3112 Atque
184 3026 218 3087 in
232 3023 372 3089 Caecilio
387 3038 420 3087 et
441 3023 580 3087 Pacuvio
593 3026 688 3106 plura
700 3023 887 3109 corrigenda
898 3023 1072 3102 babuerit,

59 3140 129 3230 qui¹
143 3138 223 3206 mali
257 3165 275 3204 a
300 3140 456 3208 Cicerone
480 3141 556 3205 dicti
578 3153 654 3204 sunt
680 3154 826 3205 auctores
850 3141 1034 3208 Latinitatis
1045 3142 1070 3209 ⁶.

58 3261 263 3337 Contortum
290 3260 423 3344 aliquod
455 3239 675 3324 Pacuvianum
698 3260 868 3324 exordium
902 3261 965 3325 alio
988 3261 1073 3327 libro

57 3473 326 3486 .......-.---..

94 3622 106 3658 ι
146 3621 275 3674 pos„
324 3654 327 3658 ,
447 3650 452 3656 .

10 3683 14 3687 ‚
91 3719 108 3752 α
147 3703 250 3751 Comm.
268 3701 298 3748 in
315 3699 457 3750 Micheam
475 3717 499 3750 c.
520 3716 545 3768 7.
574 3698 660 3767 (Opp.
680 3695 720 3762 V,
741 3697 815 3767 167).

90 3797 222 3864 mppr.
238 3794 283 3858 tl,
306 3810 332 3855 ι,
351 3793 396 3848 5³·
657 3805 660 3810 ·

90 3895 107 3945 lt
145 3893 192 3943 Ad
209 3891 282 3949 Aen.
302 3889 356 3953 Xl,
379 3891 440 3946 602.

91 3990 108 4040 5
146 3988 218 4054 Sap.
236 4005 263 4053 p.
282 3989 328 4049 82,
349 4005 374 4040 2.

39 4141 42 4148 ,
90 4090 108 4148 6,
146 4079 412 4148 AdAtthl,-3‚
435 4083 647 4151 ¹⁰.Bt:ul.p⁴‚
670 4082 729 4138 258.
810 4124 813 4129 .
