2580 4756
617 356 656 421 57

131 532 277 622 migrare
293 535 385 598 officii
411 536 507 611 fines,
539 535 619 619 quin
643 536 792 599 virtutis
805 557 901 600 verae
914 550 1026 602 custos
1040 539 1133 627 rigi.-

133 653 267 741 dusqus
300 655 440 718 satelles
467 653 599 718 instaret
631 652 853 719 minabundus
884 668 939 732 et,
973 657 1133 741 quidquid

134 786 338 856 peccassent,
362 792 470 838 severe
496 773 726 838 vindicaturus.
772 773 902 878 Pporsus
927 790 1138 841 consentanea

134 892 214 955 huic
244 891 364 956 satirici
400 897 514 974 poeitae
548 892 676 955 muneri
708 890 806 975 Appii
840 892 939 957 verba
959 908 1058 971 sunt,
1082 916 1138 958 nc-

137 1009 243 1095 gantis
265 1030 360 1092 pecus
382 1007 484 1086 istud,
505 1011 593 1093 quod
615 1009 737 1094 ubique
760 1023 792 1074 et
814 1009 873 1073 ubi
885 1011 1020 1084 minime
1042 1033 1140 1095 opor·
1188 1070 1191 1076 ,

136 1129 228 1192 tebet
245 1140 428 1211 pasceretur
443 1143 446 1148 ·
459 1141 492 1191 ct
514 1136 703 1211 vagaretur,
730 1127 845 1193 Lucilii
870 1151 933 1193 esse
953 1151 1060 1214 posse,
1084 1130 1142 1215 qui

137 1246 356 1311 continentiae
393 1244 667 1330 abstinentiaeque
709 1244 916 1332 gratissimus
949 1247 984 1310 in
1014 1247 1142 1313 civitate

136 1378 255 1429 auctor
276 1377 372 1442 esset,
401 1377 434 1428 et
453 1363 648 1448 injuriarum
674 1363 791 1428 vindex
811 1366 1028 1430 alacerrimus.
1054 1364 1142 1451 Qua·

136 1504 175 1548 rc
207 1481 263 1548 uix
297 1481 457 1559 dubium,
488 1482 569 1566 quin
590 1481 705 1545 Lucilii
725 1503 847 1546 nomen
863 1485 1057 1548 servandum
1081 1485 1143 1563 sit3

138 1599 267 1687 quippe
279 1598 379 1684 Appii
398 1599 542 1676 dictum,
565 1598 601 1663 in
622 1601 803 1684 quemlibet
822 1601 923 1665 alium
935 1603 1145 1686 applicatum,

127 1717 278 1804 proprio
296 1718 447 1783 acumine
470 1716 631 1801 privatur.

187 1838 214 1903 Ε
246 1850 372 1902 servato
401 1836 516 1900 Lucilii
536 1839 607 1900 loco
625 1834 777 1913 efficitur,
792 1836 884 1902 Asiae
904 1857 981 1900 cum
1003 1837 1148 1921 publica-

140 1979 227 2021 num
246 1957 351 2020 fuisse.
397 1955 571 2041 Legimus:

189 2074 407 2138 Publicanus
424 2096 500 2137 vero
512 2084 553 2137 ut
571 2074 678 2138 Asiae
690 2072 786 2160 fiam
805 2076 1067 2161 scripturarius

190 2192 265 2257 Pro
285 2191 436 2269 Lucilio,
461 2191 502 2256 id
523 2214 583 2281 ego
602 2194 682 2257 nolo
699 2194 878 2257 aliusnon
887 2205 982 2260 muto
995 2198 1109 2260 omniu
1123 2197 1150 2262 ¹.

143 2308 385 2395 scripturarius
418 2310 444 2376 is
475 2309 595 2378 dicitur
624 2310 839 2397 publicanus,
872 2316 960 2397 apud
979 2336 1079 2399 quem
1096 2337 1152 2400 pc·

144 2431 251 2498 cuarii
284 2426 336 2496 vel
367 2444 507 2514 pastores
534 2433 658 2515 pecoris
689 2419 868 2496 numerum
890 2433 1152 2515 profitebantur,

144 2544 207 2636 qui
222 2571 378 2614 numerus
393 2548 429 2612 in
450 2550 573 2614 tabulas
591 2549 633 2613 ab
652 2571 691 2614 eo
711 2549 824 2614 referri
848 2550 980 2626 solebat,
995 2554 1152 2637 etscrip-

147 2662 252 2737 turae
272 2664 405 2735 nominc
429 2684 516 2734 certa
538 2668 677 2754 pecunia
695 2668 917 2752 propassione
936 2669 971 2732 in
990 2691 1069 2755 agro
1091 2690 1153 2753 pu-

146 2788 237 2855 blico
255 2788 450 2852 solvebatur.
483 2786 629 2851 Fortasse
645 2787 733 2850 idem
749 2789 947 2851 decumanus
969 2786 1056 2863 fuit,
1082 2808 1153 2851 mo

147 2913 193 2974 do
210 2906 309 2991 ipsius
332 2905 397 2970 sint
415 2905 515 2971 verba
537 2906 705 2971 habenda:

196 3017 364 3113 Denique
381 3023 463 3088 adeo
485 3025 577 3088 male
598 3046 651 3088 mc
673 3022 1010 3110 accipientdaimae
1030 3036 1062 3089 et
1075 3047 1159 3112 pro-

247 3146 388 3208 ueniunt
409 3143 501 3207 mole
514 3141 540 3207 ².

142 3263 310 3330 'Tertium
341 3257 497 3350 vectigal,
517 3256 728 3346 portorium,
748 3261 789 3324 ab
809 3263 923 3327 eodem
939 3276 1161 3332 memoratum

127 3382 329 3449 uidemus:

201 3501 308 3566 Facit
323 3498 433 3578 idem,
462 3497 552 3586 quod
580 3499 662 3575 ille,
700 3501 763 3586 qui
782 3501 994 3586 inscriptum
1018 3523 1035 3565 e
1053 3512 1161 3589 portu

246 3630 429 3706 exportaret
448 3618 669 3695 clanculum,
693 3641 735 3682 rw
751 3620 953 3705 portorium
969 3618 1048 3684 deret
1060 3620 1087 3686 3.

159 3829 439 3851 υ---···-·-···“

195 3978 208 4018 1
245 3963 379 4019 Lucil.
397 3966 448 4018 Fr.
466 3961 583 4029 XXVI,
602 3963 628 4019 6.
648 3962 694 4021 Cf.
716 3966 833 4018 Turn.
849 3964 966 4017 Advers.
986 3962 1102 4030 xxm,
1122 3979 1165 4032 17·

204 4080 220 4116 a
255 4058 387 4113 coust.

196 4157 214 4208 5
248 4151 517 4231 nee.xxv11‚5.
