2580 4756
618 359 656 418 51

134 533 193 596 nio
218 531 376 597 haberent
404 545 501 617 atquc
531 531 691 597 immunia
719 534 891 620 vectigalis.
936 535 1045 622 Atque
1066 558 1137 600 cam

133 651 271 737 quidem
281 652 441 717 nobilibus
448 654 594 738 jacturae
607 653 902 737 compensationem
916 656 1020 720 fuisse.
1044 655 1138 720 Prae-

132 786 226 837 terea
246 772 437 838 consuluisse
460 793 536 837 eum
562 774 663 856 plebis
687 775 884 854 commodis;
908 775 1024 860 quibus
1051 778 1139 841 enim

134 913 215 977 eger
242 907 312 956 'non
338 905 444 968 essct,
477 891 645 978 assignasse
680 893 797 977 reliqui
837 894 906 980 agri
939 895 1061 978 publici
1100 898 1140 959 ad

134 1010 262 1075 tricena
278 1013 394 1098 jugera
403 996 606 1094 portionem,
629 1034 731 1098 eaque
751 1013 878 1096 privata
899 1035 962 1079 esse
978 1014 1138 1099 jussisse1.
1162 997 1167 1011 ’
1251 1069 1253 1073 .

136 1128 234 1196 Unde
269 1150 346 1194 vero
377 1129 561 1216 vectigalia,
593 1152 676 1215 quae
705 1130 858 1214 imposita
882 1136 1068 1217 populoque
1091 1134 1139 1197 di·
1171 1165 1174 1169 ·

134 1247 204 1314 visa
222 1268 286 1313 osse
306 1248 421 1312 diserte
438 1248 537 1312 tradit
549 1237 741 1332 Appianus?
761 1247 1030 1327 Zeissmemorat,
1044 1255 1138 1338 agro-

133 1384 214 1429 rum
246 1364 473 1447 publicorum,
501 1365 558 1449 qui
579 1379 797 1449 superessent,
819 1366 986 1454 vectigalia
1005 1368 1140 1455 diligen-

134 1497 187 1548 ter
213 1503 277 1547 esse
299 1485 479 1566 postulata3
504 1483 590 1547 idem
614 1505 691 1549 vero
711 1487 782 1571 lege
801 1484 922 1549 Thoria
946 1489 1139 1551 monimum

134 1601 207 1687 agri
229 1600 351 1684 publici
364 1612 526 1686 portent,
552 1601 673 1685 quippe
692 1602 728 1666 in
746 1602 912 1686 privatum
923 1626 1040 1690 ugrum
1051 1627 1139 1671 com-

135 1714 324 1796 mutatam,
355 1720 526 1784 liberatam
552 1720 698 1806 vectigali
721 1722 843 1786 statuit.
876 1721 1030 1787 Restabat
1040 1723 1140 1809 igitur

129 1860 223 1925 pars
242 1861 266 1903 s.
286 1839 469 1925 porticulo
485 1839 555 1925 agri
579 1837 724 1923 publici,
750 1861 833 1924 quae
858 1841 1018 1927 vectigalis
1049 1854 1138 1905 esset.

135 1949 182 2021 At
204 1978 295 2047 secus
314 1959 432 2022 sentire
454 1978 511 2021 nos
531 1956 625 2041 jubet
648 1957 789 2041 Appiani
812 1960 910 2035 locus,
935 1980 1035 2044 quem
1058 1980 1143 2045 quo-4

133 2075 226 2139 niam
249 2075 431 2162 attigimus,
467 2089 554 2141 recte
576 2075 839 2159 interpretemur.
886 2077 1071 2144 Cavebatur
1093 2082 1139 2145 le·

134 2219 176 2284 ge
199 2197 320 2261 Thoria
342 2183 383 2261 n‘e
414 2197 553 2281 amplius
576 2197 772 2262 divideretur
793 2220 870 2285 ager
892 2199 1061 2283 publicus,
1085 2204 1140 2266 sed

134 2329 215 2380 esset
243 2316 278 2379 in
300 2316 444 2380 dominio
467 2336 692 2400 possessorum.
739 2316 852 2402 Itaque
873 2319 1018 2402 privatus
1031 2315 1140 2383 'sactus

133 2449 184 2501 est
215 2447 247 2499 et
268 2427 438 2510 sancitum,
461 2446 499 2498 ut
517 2456 578 2518 pro
603 2435 773 2521 quingenis
786 2437 956 2523 jugeribus
974 2438 1140 2524 vectigalia

136 2577 156 2619 a
192 2553 324 2640 singulis
345 2555 547 2618 solverentur
569 2553 667 2637 plebi.
715 2553 786 2618 Hoc
807 2553 1009 2640 significatur
1031 2555 1137 2620 verbis

138 2667 222 2740 εἶναι
245 2676 309 2738 τῶν
332 2665 468 2758 ἐχόντων
492 2675 544 2735 καὶ
566 2676 678 2756 φόρους
701 2674 777 2757 ὑπὲρ
801 2671 895 2753 αὐτῆς
921 2672 1000 2760 (non
1012 2672 1136 2754 publici

135 2792 209 2880 agri
240 2793 295 2856 sed
324 2791 441 2874 privati
470 2787 558 2875 facti)
584 2794 627 2872 τῷ
651 2788 737 2872 δήμῳ
759 2791 1001 2853 κατατίθεσθαι.
1049 2788 1140 2855 Con-

135 2910 280 2977 sentiunt
311 2909 440 2974 tnbulae
461 2911 655 2994 fragmenta.
693 2905 797 2995 «Qui
815 2929 904 2996 ager<
926 2909 1017 2973 loeus
1030 2908 1139 2996 qnod-

137 3056 176 3098 ve
192 3028 395 3116 aedificium
416 3051 454 3091 αα
480 3027 550 3116 lege
571 3025 719 3113 plebeios
740 3028 918 3091 scitoexve
935 3029 968 3093 h.
981 3029 1003 3093 l.
1027 3030 1139 3112 priva-

136 3167 214 3218 tum
245 3153 370 3214 fectum
401 3159 467 3222 est,
503 3165 564 3229 pro
595 3166 632 3209 eo
660 3165 739 3232 agro
762 3148 833 3209 loco
852 3144 997 3211 aedificio
1013 3169 1139 3232 proque

136 3272 300 3355 scriptura
315 3266 454 3352 pecoris,
472 3267 560 3350 quod
585 3265 619 3327 in
641 3284 680 3328 eo
696 3284 775 3351 egro
791 3265 942 3347 pascitur,
964 3278 1137 3350 postquam

137 3389 308 3475 vectigalia
333 3385 554 3459 constiterint,
587 3405 669 3467 quae
693 3396 765 3466 post
775 3386 809 3448 h.
821 3386 843 3448 l.
869 3395 1033 3471 rogatam
1050 3385 1138 3470 pri·

138 3533 235 3578 mum
267 3505 511 3579 constiterint,
543 3505 602 3565 nei
625 3500 796 3588 quis—2.
822 3501 912 3566 Patet
937 3502 1036 3578 hinc,
1066 3504 1138 3569 solis

139 3631 225 3720 agris
238 3625 369 3712 privatis
384 3622 480 3687 ¹factis
503 3621 670 3708 vectigalia
694 3620 845 3704 imposita
868 3642 948 3698 essc3
970 3623 1057 3705 quod
1075 3643 1139 3687 no·

138 3771 221 3816 vum
235 3745 347 3834 'fuisse
369 3741 530 3810 indicatur
554 3739 679 3804 verbis:
699 3741 884 3823 primum
905 3743 1138 3806 constiterint.

138 3923 417 3945 .------·-·-

174 4055 187 4092 r
224 4050 381 4110 pusqq.

173 4157 188 4190 2
227 4131 416 4200 Rudorfs
438 4125 490 4180 Li.
507 4143 535 4194 p.
553 4123 614 4188 152,
639 4125 699 4188 153,

610 4227 650 4288 4*
