2580 4756
557 387 599 452 67

70 567 219 631 maxime
253 565 336 633 vitae
361 569 539 643 fortunam,
563 588 646 651 quae
669 583 839 650 prosperae
873 569 1079 632 vehementer

72 685 229 750 ollecisset
257 686 490 771 naufragioque
526 684 634 750 fuisset
659 685 792 762 similis,
826 686 947 781 scripto
980 709 1077 750 mana

72 808 175 870 desse.
207 802 316 887 Quare
336 804 428 869 unice
450 804 555 888 probo
576 815 720 868 cesserat
742 825 803 888 pro
812 817 978 892 gesserat,
991 808 1078 890 quod

72 938 189 988 tamen
204 936 280 987 sunt
297 923 353 1007 qui
379 936 543 989 tueantur.

121 1039 212 1126 Quae
244 1043 269 1105 si
291 1041 502 1130 probabiliter
524 1042 775 1124 disputaverim,
799 1065 922 1108 necesse
945 1057 990 1108 est
1012 1057 1080 1107 sta·

73 1174 232 1238 tuamus,
256 1161 371 1224 Lucilii
397 1174 534 1226 aetatem
558 1175 706 1227 vexatam
719 1163 810 1226 malis
823 1164 926 1227 fuisse.
951 1163 991 1226 In
1012 1152 1079 1246 pri-

74 1281 137 1344 mis
161 1301 238 1345 vero
260 1281 378 1344 ultimo
399 1280 483 1344 vitae
505 1294 652 1364 tempore
675 1281 820 1345 accidisse
833 1303 869 1344 ea
881 1260 1078 1365 conjicimus.

74 1401 223 1465 Fortasse
256 1399 403 1463 homines
436 1399 632 1463 nominatim
663 1400 917 1482 reprehendendi
950 1400 1082 1464 libidine

73 1516 206 1606 gravius
237 1518 372 1594 abusus,
403 1518 539 1582 mortuis
566 1519 622 1603 qui
643 1518 671 1582 ei
695 1521 776 1583 dum
796 1519 945 1584 vivebant
968 1533 1083 1602 patro-

74 1637 177 1702 cinati
211 1639 360 1712 Inerant,
380 1637 514 1720 pessime
540 1637 581 1705 ei,
600 1637 710 1713 cessit,
744 1640 833 1721 quod
867 1639 1002 1720 impune
1023 1638 1079 1702 diu

74 1756 222 1822 licuerat.
248 1754 477 1841 Quamquam,
507 1759 595 1840 quod
615 1756 692 1833 dixi,
717 1757 806 1820 abest
825 1769 863 1819 ut
884 1779 1078 1832 asseverem,

75 1875 252 1939 incarcere
275 1896 351 1938 euru
380 1869 497 1957 poenas
520 1874 647 1938 dedisse.
692 1873 740 1938 Ac
762 1874 936 1958 pistrinum
947 1875 1081 1958 quidem
1136 1901 1138 1906 ⁸

73 1993 249 2079 proprium
261 1993 426 2069 habuerit,
440 1993 553 2077 inquo
573 1989 701 2058 ‘videtur
712 1993 812 2056 animi
826 2005 882 2056 aut
893 1994 1082 2088 valetudinis

75 2111 173 2177 causti
198 2115 238 2176 ad
254 2112 380 2195 pistoris
401 2132 480 2195 opus
493 2110 699 2200 incubuisse,
724 2124 757 2175 et
773 2112 878 2195 pilum
897 2111 1080 2178 tractasse1.

76 2231 235 2298 Ceterum
253 2231 453 2317 paulomagis
467 2230 586 2294 Inclino
598 2230 633 2294 in
644 2252 716 2295 eum
730 2231 927 2313 opinionem,
940 2245 978 2296 ut
989 2233 1082 2298 variis

75 2351 191 2416 litibus
202 2350 399 2433 implicitum
412 2362 444 2413 et
467 2361 616 2413 enectum
629 2348 656 2426 ²,
680 2353 730 2415 vel
742 2362 890 2428 coactum
903 2352 953 2414 vel
969 2363 1083 2433 sponte

73 2462 155 2534 eum
168 2482 283 2553 putem
293 2469 327 2532 in
339 2469 485 2532 exsilium
495 2469 605 2532 abiisse
618 2467 785 2552 Neapolim
799 2447 856 2532 ubi
868 2469 1033 2532 consenuit
1044 2490 1082 2532 ac

79 2590 169 2654 diem
182 2589 272 2653 obiit.
315 2586 382 2651 Nec
398 2558 590 2670 displicuisse
611 2587 702 2651 novis
726 2587 847 2651 civibus
869 2591 1008 2669 poetam
1026 2608 1081 2648 ex-

74 2710 201 2784 sulem,
241 2706 451 2770 manilestum
484 2718 540 2770 est.
607 2702 755 2787 Namque
785 2706 852 2787 ejus
886 2704 1082 2769 memoriam

73 2825 278 2910 Neapolitani
300 2824 423 2908 publici
456 2821 577 2886 funeris
605 2824 728 2885 honore
757 2823 1015 2888 cohonestarunt.

123 2942 213 3010 Haec
254 2957 330 3008 sunt
365 2940 548 3016 Lucilianae
574 2939 664 3004 vitae¹
682 2923 787 3023 capita
814 2940 937 3023 partim
971 2953 1081 3018 certa,

77 3051 202 3147 partim
236 3063 367 3126 incerta.
409 3058 627 3142 Conspectum
650 3060 716 3143 ejus
740 3060 855 3122 addere
871 3061 984 3143 juvat,
1016 3082 1082 3144 quo

78 3183 198 3248 melius
219 3203 331 3245 rerum
351 3181 431 3244 ordo
454 3178 662 3264 intelligatur.

116 3424 130 3462 ι
168 3404 299 3476 Quemvis
326 3409 453 3469 constet,
479 3421 493 3455 a
516 3405 591 3456 bello
609 3404 740 3468 Persico,
761 3405 835 3473 quud
852 3405 903 3459 586
920 3403 996 3472 (168)
1016 3404 1084 3453 lini-

83 3515 142 3560 tum
168 3511 234 3568 est,
261 3504 361 3555 Romae
388 3503 505 3570 pistores
528 3504 611 3555 fuisse
631 3504 753 3571 (Ptin.
771 3507 811 3556 H.
829 3504 867 3554 N.
888 3499 1005 3564 XVIII,
1025 3510 1080 3571 ιι.)

84 3612 173 3655 lemen
198 3599 267 3652 nihil
295 3601 403 3661 obstat,
429 3600 573 3668 quominus
590 3599 714 3651 Lucilius
730 3598 867 3664 privatum
883 3600 912 3648 iu
931 3598 1007 3652 Urbe
1025 3601 1085 3664 pis-
1126 3577 1129 3583 ι

83 3703 187 3754 trinum
203 3697 328 3750 habuisse
346 3695 495 3749 credamus.
531 3697 590 3750 Nec
618 3695 690 3765 quod
709 3695 836 3762 suspicati
854 3713 963 3765 sumus,
983 3697 1011 3746 in
1031 3715 1084 3759 eo,

84 3803 132 3870 qui
156 3798 293 3868 Scipionis
317 3816 347 3850 ac
375 3796 464 3849 Luelii
491 3797 587 3849 hilarIs
611 3815 700 3849 comes
717 3797 807 3847 fuerat
823 3832 831 3860 ,
850 3796 974 3864 quamvis
991 3799 1083 3864 equite

82 3901 227 3963 Romano,
253 3900 351 3950 mirum
380 3897 468 3951 videri
485 3898 597 3965 polerit.
634 3897 675 3948 Εο
700 3915 807 3966 quoque
827 3897 941 3948 referem
955 3894 1086 3966 pistricis

83 3999 182 4066 pot,
201 4004 288 4050 ηοω
310 3997 407 4048 laetam
418 3997 592 4061 mentionem,
612 4013 690 4065 quam
710 3994 762 4047 sibi
780 3997 835 4052 sive
855 3997 888 4046 ab
906 3995 1011 4058 emico,
1032 3993 1087 4046 sive

84 4099 117 4150 ab
135 4097 191 4148 alio
209 4101 307 4146 emtam
324 4094 452 4148 voluerit.

117 4211 132 4246 ι·
171 4188 506 4260 Vid.scprep.5d,62·

575 4295 616 4352 5*
