2580 4756
554 320 592 381 Sl

67 493 220 560 Ciceroni
243 497 463 582 adjungendus
487 511 554 572 est,
571 494 787 580 Quintilianus
810 499 905 582 longe
931 495 992 557 alia
1014 511 1072 556 nos

64 616 174 678 docet.
197 611 283 698 Qui,
308 614 472 678 mentione
490 617 574 679 facta
597 614 729 692 Lucilii,
750 615 784 678 in
803 635 843 679 eo
863 612 977 678 scribit
988 634 1069 676 eru·

63 732 237 825 ditionem
259 736 392 797 mirum
414 755 494 809 esse,
517 754 659 818 eumque
681 734 759 807 alio⁴
774 710 845 797 loco
869 731 1069 796 eruditissi-

69 852 196 916 mrem1
220 855 370 936 appellat.
411 842 489 915 Non
523 852 666 916 dissentit
682 851 883 927 Macrobius,
906 847 1069 914 doctum²

63 991 194 1035 vocans.
240 967 353 1054 Quum
375 969 435 1062 ‘his
469 991 535 1034 non
567 971 675 1034 minus
704 992 805 1055 quam
845 968 992 1034 Ciceroni
1019 971 1068 1031 lem

62 1087 166 1174 gendi
189 1087 304 1152 Lucilii
327 1101 463 1172 potestas
488 1089 608 1166 fuerit,
636 1110 741 1173 neque
766 1089 895 1152 aliunde
921 1099 1066 1151 sumtum

63 1229 169 1292 quam
205 1206 372 1291 propriam
409 1207 601 1272 sententiam
635 1208 849 1291 pronunciare
874 1205 1069 1282 maluerint,

63 1325 148 1412 quid
180 1347 289 1390 causae
319 1326 414 1391 fuisse
449 1326 592 1391 dicamus
621 1347 680 1391 cur
705 1350 724 1392 a
747 1326 901 1392 Cicerone
920 1324 1070 1391 dissenti-

62 1442 169 1512 rent?
213 1443 258 1536 Sis
279 1457 391 1510 contra
421 1445 551 1524 fuisset,
576 1467 613 1510 ac
635 1419 796 1531 maJorem
820 1437 872 1510 hic
896 1461 997 1531 quam
1019 1443 1066 1507 illi

63 1564 101 1629 in
127 1563 254 1630 Lucilio
282 1564 466 1628 doctrinam
489 1564 665 1630 admiratus
689 1578 790 1642 esset,
813 1585 879 1629 non
901 1586 975 1629 sane
992 1583 1067 1627 mo·

62 1663 217 1751 raremur
242 1682 355 1767 judicii
383 1675 577 1764 discrimen,
610 1683 733 1768 quippe
770 1683 804 1746 in
845 1683 965 1748 aetatis
982 1702 1064 1766 pro-

63 1776 225 1889 gressione
261 1802 395 1864 eandem
418 1797 565 1865 Ciceroni
585 1801 803 1865 admirationis
827 1800 1064 1865 excusationem

63 1927 197 2004 praesto
219 1918 391 1995 habentes,
415 1940 516 2004 quam
539 1916 652 1984 Crasso
665 1919 731 2002 ipse
742 1918 915 2003 antiquiori
927 1916 1065 2002 praesti-

61 2052 161 2105 terat.
183 2038 378 2122 Dicamusne
398 2059 486 2126 ergo,
501 2036 661 2104 Ciceronis
672 2038 850 2126 ingenium,
863 2038 953 2102 omni
965 2036 1064 2123 quip-

61 2183 103 2244 pe
128 2146 372 2244 disciplinarum
385 2159 573 2242 artiumque
584 2179 701 2245 genere
713 2159 893 2236 nutritum,
909 2156 1063 2223 difficilius

61 2279 96 2342 in
119 2277 284 2343 doctrinae
309 2277 400 2361 copia
422 2276 620 2362 acquiescere
632 2278 792 2360 potuisse,
808 2277 937 2341 'facilius
956 2275 1065 2360 Quin-

49 2393 189 2486 tiliani,
214 2415 280 2458 non
311 2393 433 2478 pariter
456 2395 565 2466 omnia
589 2396 750 2460 doctum?
794 2372 868 2460 Non
890 2397 1007 2472 credo,
1031 2408 1063 2458 ct

60 2515 161 2580 habet
183 2512 371 2596 disceptatio
389 2513 457 2596 ipsa
479 2517 622 2577 multum
646 2514 811 2578 cautionis.
855 2511 889 2577 Si
912 2514 991 2597 quid
1011 2513 1064 2576 vi·

59 2636 145 2709 dec,
168 2631 432 2717 distinguendum
455 2632 629 2696 necessario
647 2645 713 2707 est,
727 2645 764 2694 ut
776 2631 976 2694 mediocrem
987 2629 1062 2694 doe-

61 2753 200 2816 trinam
220 2750 372 2814 eruditio
393 2752 488 2813 mira
508 2749 661 2833 patiatur.
691 2747 828 2814 Videtur
847 2748 934 2812 enim
954 2745 1065 2832 Quin·

63 2870 200 2938 tilianus
224 2867 550 2951 illammultiplicem
575 2866 740 2932 variarum
765 2888 876 2930 rerum
909 2867 1065 2953 cognitio-

59 3010 140 3054 nem
172 2986 384 3071 scientiaeque
415 2985 598 3050 uhertatem
618 2999 650 3050 et
666 2986 853 3050 varietatem
865 2986 1063 3072 intelligere,

60 3107 117 3174 cui
129 3105 331 3188 πολυμαθίας
343 3126 463 3169 nomen
475 3105 643 3182 convenit,
656 3127 822 3190 quamque
833 3125 900 3168 non
912 3126 977 3169 uno
990 3108 1063 3169 loco

60 3249 138 3291 cunt
152 3228 300 3290 scientio
313 3225 480 3311 conjungit
492 3224 519 3288 3.
543 3223 615 3289 Non
627 3226 716 3290 illam
729 3225 891 3291 doctrinae
904 3227 1063 3308 supellec·

59 3347 154 3410 tilern
179 3366 289 3409 raram
317 3344 516 3418 stuariam,
549 3353 606 3408 aut
629 3346 694 3428 ejus
719 3357 941 3428 opportunum
965 3365 1059 3406 usum

60 3463 176 3532 Cicero
196 3464 230 3527 in
247 3462 373 3526 Lucilio
389 3461 587 3530 desiderabat
598 3498 644 3510 -
655 3464 721 3547 ejus
742 3462 829 3525 enirn
847 3461 951 3536 dotis,
975 3483 1059 3544 quae

59 3582 263 3669 Quintiliano
288 3578 484 3647 admirabilis
507 3580 571 3663 visa
601 3595 665 3656 est,
703 3583 791 3643 lraud
813 3591 898 3644 certe
924 3576 1058 3642 Cicero·

96 3887 109 3922 ι
147 3872 226 3921 Inst.
245 3872 325 3919 Orat.
344 3867 382 3929 X,
403 3885 426 3922 t.
458 3869 529 3933 l,6.

96 3985 115 4023 α
149 3968 267 4016 Satura.
286 3965 313 4028 l,
331 3965 357 4016 5.

97 4061 116 4111 ὅ
148 4079 175 4114 v.
193 4079 218 4113 c.
239 4064 311 4112 Inst-
331 4065 412 4112 Orat.
432 4061 457 4123 l,
475 4063 500 4114 4.

519 4222 539 4281 6,
