2580 4756
518 1311 604 1362 Nemo
620 1312 690 1363 viles
705 1320 790 1382 putet
805 1321 913 1365 veteres
927 1313 1050 1382 poitas,
1070 1314 1144 1382 quod

482 1422 580 1457 versus
596 1426 691 1459 eorum
712 1409 806 1461 scabri
831 1410 912 1460 nobis
928 1411 1067 1463 videntur.
1087 1408 1145 1462 Ille

482 1505 556 1554 enim
581 1506 669 1557 stilus
686 1509 814 1558 Enniani
829 1507 917 1559 seculi
934 1508 1050 1559 auribus
1065 1505 1144 1558 solus

479 1600 631 1667 placebat,
650 1613 679 1654 et
695 1606 744 1655 diu
762 1604 904 1655 loboravit
921 1598 1004 1655 aetas
1019 1613 1115 1654 secuta
1133 1639 1142 1666 ,

482 1706 515 1746 ut
531 1701 623 1768 magis
638 1701 703 1753 huic
712 1701 836 1753 molliori
838 1701 896 1767 filo
907 1703 1141 1771 acquiesceretur.
1244 1731 1248 1739 -

827 1820 1073 1878 Macrobius.

195 2010 308 2104 Prisci
330 2037 399 2103 aevi
421 2037 616 2102 memoriam
638 2037 792 2122 prudenti
814 2039 1032 2123 disquisitione
1054 2040 1141 2106 illus-

137 2199 228 2252 trare
250 2169 363 2271 parem
384 2187 483 2251 habet
504 2199 537 2251 et
559 2187 733 2271 voluptatis
756 2201 788 2252 et
810 2188 953 2254 utilitatis
966 2208 1138 2254 oommen-

138 2334 314 2401 dationem.
360 2334 456 2420 Quod
488 2337 767 2420 quemadmodum
799 2349 885 2401 reete
904 2336 1140 2420 judicantibus,

136 2483 204 2548 sive
234 2482 293 2566 ipsi
324 2505 396 2558 eam
419 2483 615 2548 memoriam
638 2483 859 2567 explicarent,
880 2483 945 2548 sive
968 2485 1139 2547 doctarum

135 2629 421 2718 investigationum
463 2634 587 2696 fructus
633 2631 821 2716 colligerent
854 2642 887 2694 et
920 2641 1146 2712 usurparent»

134 2801 264 2863 semper
286 2779 392 2845 visum
414 2793 482 2858 est,
505 2780 550 2845 ita
571 2801 676 2864 neque
698 2778 781 2843 illud
803 2778 1038 2855 dubitandum,
1060 2777 1141 2865 quin

136 2949 251 2991 earum
272 2929 423 3005 laudum,
448 2927 565 3012 quibus
587 2929 649 2991 hoo
658 2925 864 3012 potissimum
873 2927 1054 2992 celebratur
1065 2940 1139 3012 stuf

119 3075 268 3150 diorum
295 3097 418 3162 genus,
460 3077 547 3140 haud
577 3075 728 3162 exiguam
760 3074 820 3139 sibi
843 3087 971 3158 partem
994 3074 1136 3141 vindicet

134 3223 258 3301 omnis,
283 3245 366 3308 qnae
388 3223 423 3287 in
444 3222 656 3289 instaurandis
669 3226 833 3289 clarorum
845 3222 1051 3309 ingeniorum
1063 3243 1140 3288 mo-

134 3349 302 3436 numentis
345 3379 513 3449 versatur,
546 3368 744 3455 disquirendi
777 3367 954 3456 diligentias
1007 3365 1135 3434 Harum

134 3517 225 3583 enim
264 3518 564 3606 investigationum¹
584 3519 668 3584 ratio
700 3516 849 3601 proxime
882 3517 1057 3601 conjuncta
1092 3529 1140 3584 est

136 3687 214 3731 cum
246 3666 395 3731 uberiore
417 3666 567 3734 historiae
586 3678 620 3732 et
640 3666 737 3732 totius
756 3664 957 3750 antiquitatis
977 3663 1141 3751 cognitio·

133 3833 186 3879 ne.
220 3811 329 3899 Quare
349 3814 419 3880 fieri
443 3816 544 3892 solet,
569 3827 629 3891 nt,
659 3812 823 3879 illustratis
849 3811 906 3890 iis,
926 3832 1009 3897 quae
1022 3823 1079 3877 aut
1095 3813 1137 3876 ad

135 3960 369 4042 praestantium
396 3960 544 4028 virorum
565 3960 721 4027 vitamet
743 3961 846 4036 facta,
870 3960 985 4024 autad
1007 3959 1139 4042 plenio-

134 4126 206 4172 rem
232 4108 429 4193 eoriptorum
457 4107 705 4195 intelligentiam
723 4106 925 4191 pertineant,
954 4103 1050 4188 ipsius
1073 4124 1139 4188 qua

619 4257 636 4318 1
