<?xml version="1.0" encoding="UTF-8"?>
<!DOCTYPE html PUBLIC "-//W3C//DTD XHTML 1.0 Transitional//EN"
    "http://www.w3.org/TR/xhtml1/DTD/xhtml1-transitional.dtd">
<html xmlns="http://www.w3.org/1999/xhtml" xml:lang="en" lang="en">
 <head>
  <title>
</title>
<meta http-equiv="Content-Type" content="text/html;charset=utf-8" />
  <meta name='ocr-system' content='tesseract 3.04.00' />
  <meta name='ocr-capabilities' content='ocr_page ocr_carea ocr_par ocr_line ocrx_word'/>
</head>
<body>
  <div class='ocr_page' id='page_1' title='image "./studiacriticain00heusgoog_0111.png"; bbox 0 0 2580 4756; ppageno 0'>
   <div class='ocr_carea' id='block_1_1' title="bbox 676 380 738 443">
    <p class='ocr_par' dir='ltr' id='par_1_1' title="bbox 676 380 738 443">
     <span class='ocr_line' id='line_1_1' title="bbox 676 380 738 443; baseline 0 -1"><span class='ocrx_word' id='word_1_1' title='bbox 676 380 738 443; x_wconf 76' lang='lat'><strong>100</strong></span> 
     </span>
    </p>
   </div>
   <div class='ocr_carea' id='block_1_2' title="bbox 194 557 1213 1834">
    <p class='ocr_par' dir='ltr' id='par_1_2' title="bbox 194 557 1213 1834">
     <span class='ocr_line' id='line_1_2' title="bbox 197 557 1209 646; baseline 0.002 -21"><span class='ocrx_word' id='word_1_2' title='bbox 197 561 328 646; x_wconf 88' lang='lat' dir='ltr'><strong>busque</strong></span> <span class='ocrx_word' id='word_1_3' title='bbox 349 579 560 626; x_wconf 89' lang='lat' dir='ltr'><strong>communem</strong></span> <span class='ocrx_word' id='word_1_4' title='bbox 577 558 613 624; x_wconf 91' lang='lat' dir='ltr'><strong>in</strong></span> <span class='ocrx_word' id='word_1_5' title='bbox 635 557 732 624; x_wconf 83' lang='lat' dir='ltr'><strong>satira</strong></span> <span class='ocrx_word' id='word_1_6' title='bbox 746 558 855 642; x_wconf 90' lang='lat' dir='ltr'><strong>inepte</strong></span> <span class='ocrx_word' id='word_1_7' title='bbox 867 560 1086 645; x_wconf 70' lang='lat' dir='ltr'><strong>postularent.¹</strong></span> <span class='ocrx_word' id='word_1_8' title='bbox 1112 557 1209 645; x_wconf 85' lang='lat' dir='ltr'><strong>Quod</strong></span> 
     </span>
     <span class='ocr_line' id='line_1_3' title="bbox 204 675 1212 745; baseline -0.002 0"><span class='ocrx_word' id='word_1_9' title='bbox 204 683 254 745; x_wconf 83' lang='lat' dir='ltr'><strong>vel</strong></span> <span class='ocrx_word' id='word_1_10' title='bbox 284 679 430 744; x_wconf 89' lang='lat' dir='ltr'><strong>adhibita</strong></span> <span class='ocrx_word' id='word_1_11' title='bbox 466 677 564 742; x_wconf 91' lang='lat' dir='ltr'><strong>Ennii</strong></span> <span class='ocrx_word' id='word_1_12' title='bbox 593 677 693 743; x_wconf 82' lang='lat' dir='ltr'><strong>verba</strong></span> <span class='ocrx_word' id='word_1_13' title='bbox 723 679 958 743; x_wconf 85' lang='lat' dir='ltr'><strong>demonstrant.</strong></span> <span class='ocrx_word' id='word_1_14' title='bbox 1011 675 1087 743; x_wconf 88' lang='lat' dir='ltr'><strong>Non</strong></span> <span class='ocrx_word' id='word_1_15' title='bbox 1124 679 1212 743; x_wconf 85' lang='lat' dir='ltr'><strong>enim</strong></span> 
     </span>
     <span class='ocr_line' id='line_1_4' title="bbox 202 796 1212 880; baseline 0 -19"><span class='ocrx_word' id='word_1_16' title='bbox 202 796 337 862; x_wconf 83' lang='lat' dir='ltr'><strong>Horatio</strong></span> <span class='ocrx_word' id='word_1_17' title='bbox 363 797 445 862; x_wconf 88' lang='lat' dir='ltr'><strong>serio</strong></span> <span class='ocrx_word' id='word_1_18' title='bbox 460 797 495 861; x_wconf 88' lang='lat' dir='ltr'><strong>in</strong></span> <span class='ocrx_word' id='word_1_19' title='bbox 517 809 664 860; x_wconf 84' lang='lat' dir='ltr'><strong>mentem</strong></span> <span class='ocrx_word' id='word_1_20' title='bbox 688 796 797 861; x_wconf 85' lang='lat' dir='ltr'><strong>venire</strong></span> <span class='ocrx_word' id='word_1_21' title='bbox 812 806 961 880; x_wconf 87' lang='lat' dir='ltr'><strong>poterat,</strong></span> <span class='ocrx_word' id='word_1_22' title='bbox 984 796 1113 880; x_wconf 88' lang='lat' dir='ltr'><strong>epicam</strong></span> <span class='ocrx_word' id='word_1_23' title='bbox 1133 801 1212 880; x_wconf 80' lang='lat' dir='ltr'><strong>poc’-</strong></span> 
     </span>
     <span class='ocr_line' id='line_1_5' title="bbox 194 913 1212 1000; baseline -0.002 -19"><span class='ocrx_word' id='word_1_24' title='bbox 194 917 274 991; x_wconf 83' lang='lat' dir='ltr'><strong>sin,</strong></span> <span class='ocrx_word' id='word_1_25' title='bbox 309 937 392 999; x_wconf 87' lang='lat' dir='ltr'><strong>quae</strong></span> <span class='ocrx_word' id='word_1_26' title='bbox 416 914 594 980; x_wconf 86' lang='lat' dir='ltr'><strong>verborum</strong></span> <span class='ocrx_word' id='word_1_27' title='bbox 616 913 799 1000; x_wconf 73' lang='lat' dir='ltr'><strong>granditate</strong></span> <span class='ocrx_word' id='word_1_28' title='bbox 825 927 858 979; x_wconf 85' lang='lat' dir='ltr'><strong>et</strong></span> <span class='ocrx_word' id='word_1_29' title='bbox 880 916 1047 998; x_wconf 89' lang='lat' dir='ltr'><strong>majestate</strong></span> <span class='ocrx_word' id='word_1_30' title='bbox 1075 917 1212 980; x_wconf 86' lang='lat' dir='ltr'><strong>excelle-</strong></span> 
     </span>
     <span class='ocr_line' id='line_1_6' title="bbox 200 1032 1211 1119; baseline -0.002 -19"><span class='ocrx_word' id='word_1_31' title='bbox 200 1049 269 1112; x_wconf 87' lang='lat' dir='ltr'><strong>ret,</strong></span> <span class='ocrx_word' id='word_1_32' title='bbox 293 1055 496 1109; x_wconf 90' lang='lat' dir='ltr'><strong>memorare,</strong></span> <span class='ocrx_word' id='word_1_33' title='bbox 517 1046 555 1096; x_wconf 90' lang='lat' dir='ltr'><strong>ut</strong></span> <span class='ocrx_word' id='word_1_34' title='bbox 574 1055 651 1096; x_wconf 92' lang='lat' dir='ltr'><strong>cum</strong></span> <span class='ocrx_word' id='word_1_35' title='bbox 676 1055 713 1096; x_wconf 90' lang='lat' dir='ltr'><strong>ea</strong></span> <span class='ocrx_word' id='word_1_36' title='bbox 725 1047 949 1117; x_wconf 83' lang='lat' dir='ltr'><strong>comparatam</strong></span> <span class='ocrx_word' id='word_1_37' title='bbox 961 1032 1114 1111; x_wconf 88' lang='lat' dir='ltr'><strong>satiram,</strong></span> <span class='ocrx_word' id='word_1_38' title='bbox 1127 1055 1211 1119; x_wconf 91' lang='lat' dir='ltr'><strong>quae</strong></span> 
     </span>
     <span class='ocr_line' id='line_1_7' title="bbox 201 1149 1213 1228; baseline 0.002 -13"><span class='ocrx_word' id='word_1_39' title='bbox 201 1153 321 1216; x_wconf 90' lang='lat' dir='ltr'><strong>humili</strong></span> <span class='ocrx_word' id='word_1_40' title='bbox 345 1172 496 1217; x_wconf 78' lang='lat' dir='ltr'>sermone</span> <span class='ocrx_word' id='word_1_41' title='bbox 519 1164 552 1215; x_wconf 91' lang='lat' dir='ltr'><strong>et</strong></span> <span class='ocrx_word' id='word_1_42' title='bbox 575 1149 642 1216; x_wconf 89' lang='lat' dir='ltr'><strong>sine</strong></span> <span class='ocrx_word' id='word_1_43' title='bbox 673 1153 757 1215; x_wconf 82' lang='lat' dir='ltr'><strong>fastu</strong></span> <span class='ocrx_word' id='word_1_44' title='bbox 784 1150 968 1228; x_wconf 83' lang='lat' dir='ltr'><strong>incederet,</strong></span> <span class='ocrx_word' id='word_1_45' title='bbox 1004 1152 1213 1218; x_wconf 82' lang='lat' dir='ltr'><strong>detrectaret.</strong></span> 
     </span>
     <span class='ocr_line' id='line_1_8' title="bbox 203 1267 1212 1355; baseline 0 -21"><span class='ocrx_word' id='word_1_46' title='bbox 203 1268 294 1355; x_wconf 87' lang='lat' dir='ltr'><strong>Quin</strong></span> <span class='ocrx_word' id='word_1_47' title='bbox 316 1271 471 1335; x_wconf 88' lang='lat' dir='ltr'><strong>meditate</strong></span> <span class='ocrx_word' id='word_1_48' title='bbox 494 1290 547 1334; x_wconf 88' lang='lat' dir='ltr'><strong>eos</strong></span> <span class='ocrx_word' id='word_1_49' title='bbox 583 1270 667 1353; x_wconf 91' lang='lat' dir='ltr'><strong>ipsos</strong></span> <span class='ocrx_word' id='word_1_50' title='bbox 700 1268 797 1333; x_wconf 90' lang='lat' dir='ltr'><strong>Ennii</strong></span> <span class='ocrx_word' id='word_1_51' title='bbox 822 1291 930 1334; x_wconf 82' lang='lat' dir='ltr'><strong>versus</strong></span> <span class='ocrx_word' id='word_1_52' title='bbox 953 1267 1133 1348; x_wconf 84' lang='lat' dir='ltr'><strong>excitavit,</strong></span> <span class='ocrx_word' id='word_1_53' title='bbox 1154 1270 1212 1355; x_wconf 89' lang='lat' dir='ltr'><strong>qui</strong></span> 
     </span>
     <span class='ocr_line' id='line_1_9' title="bbox 201 1387 1212 1478; baseline 0 -24"><span class='ocrx_word' id='word_1_54' title='bbox 201 1390 387 1477; x_wconf 89' lang='lat' dir='ltr'><strong>grandiores</strong></span> <span class='ocrx_word' id='word_1_55' title='bbox 411 1400 535 1465; x_wconf 85' lang='lat' dir='ltr'><strong>essent,</strong></span> <span class='ocrx_word' id='word_1_56' title='bbox 560 1409 664 1472; x_wconf 92' lang='lat' dir='ltr'><strong>quum</strong></span> <span class='ocrx_word' id='word_1_57' title='bbox 682 1387 758 1452; x_wconf 87' lang='lat' dir='ltr'><strong>alios</strong></span> <span class='ocrx_word' id='word_1_58' title='bbox 779 1388 942 1470; x_wconf 90' lang='lat' dir='ltr'><strong>potuisset,</strong></span> <span class='ocrx_word' id='word_1_59' title='bbox 967 1408 1051 1474; x_wconf 90' lang='lat' dir='ltr'><strong>quos</strong></span> <span class='ocrx_word' id='word_1_60' title='bbox 1079 1391 1212 1478; x_wconf 80' lang='lat' dir='ltr'><strong>graei-</strong></span> 
     </span>
     <span class='ocr_line' id='line_1_10' title="bbox 203 1485 1211 1593; baseline 0.004 -20"><span class='ocrx_word' id='word_1_61' title='bbox 203 1521 275 1575; x_wconf 82' lang='lat' dir='ltr'><strong>tate</strong></span> <span class='ocrx_word' id='word_1_62' title='bbox 298 1485 479 1574; x_wconf 72' lang='lat' dir='ltr'><strong>reincres1</strong></span> <span class='ocrx_word' id='word_1_63' title='bbox 502 1508 618 1573; x_wconf 74' lang='lat' dir='ltr'><strong>risisset</strong></span> <span class='ocrx_word' id='word_1_64' title='bbox 638 1508 791 1574; x_wconf 88' lang='lat' dir='ltr'><strong>Lucilius.</strong></span> <span class='ocrx_word' id='word_1_65' title='bbox 837 1506 999 1593; x_wconf 83' lang='lat' dir='ltr'><strong>Quocirca</strong></span> <span class='ocrx_word' id='word_1_66' title='bbox 1018 1523 1107 1575; x_wconf 88' lang='lat' dir='ltr'><strong>recte</strong></span> <span class='ocrx_word' id='word_1_67' title='bbox 1131 1509 1211 1577; x_wconf 82' lang='lat' dir='ltr'><strong>exia-</strong></span> 
     </span>
     <span class='ocr_line' id='line_1_11' title="bbox 199 1626 1211 1710; baseline 0.001 -15"><span class='ocrx_word' id='word_1_68' title='bbox 199 1630 408 1705; x_wconf 90' lang='lat' dir='ltr'><strong>timabimus,</strong></span> <span class='ocrx_word' id='word_1_69' title='bbox 440 1649 508 1692; x_wconf 90' lang='lat' dir='ltr'><strong>non</strong></span> <span class='ocrx_word' id='word_1_70' title='bbox 543 1628 782 1710; x_wconf 85' lang='lat' dir='ltr'><strong>reprehendisse</strong></span> <span class='ocrx_word' id='word_1_71' title='bbox 808 1626 841 1693; x_wconf 93' lang='lat' dir='ltr'><strong>id</strong></span> <span class='ocrx_word' id='word_1_72' title='bbox 871 1628 906 1692; x_wconf 90' lang='lat' dir='ltr'><strong>in</strong></span> <span class='ocrx_word' id='word_1_73' title='bbox 930 1628 1056 1693; x_wconf 88' lang='lat' dir='ltr'><strong>Lucilio</strong></span> <span class='ocrx_word' id='word_1_74' title='bbox 1078 1628 1211 1696; x_wconf 87' lang='lat' dir='ltr'><strong>Horati·</strong></span> 
     </span>
     <span class='ocr_line' id='line_1_12' title="bbox 198 1746 1210 1834; baseline 0.002 -22"><span class='ocrx_word' id='word_1_75' title='bbox 198 1770 281 1826; x_wconf 88' lang='lat' dir='ltr'><strong>um,</strong></span> <span class='ocrx_word' id='word_1_76' title='bbox 312 1750 402 1833; x_wconf 88' lang='lat' dir='ltr'><strong>quod</strong></span> <span class='ocrx_word' id='word_1_77' title='bbox 431 1768 538 1813; x_wconf 82' lang='lat' dir='ltr'><strong>versus</strong></span> <span class='ocrx_word' id='word_1_78' title='bbox 569 1747 637 1830; x_wconf 86' lang='lat' dir='ltr'><strong>ejus</strong></span> <span class='ocrx_word' id='word_1_79' title='bbox 666 1746 697 1811; x_wconf 83' lang='lat' dir='ltr'><strong>vi</strong></span> <span class='ocrx_word' id='word_1_80' title='bbox 724 1760 871 1811; x_wconf 87' lang='lat' dir='ltr'><strong>carerent</strong></span> <span class='ocrx_word' id='word_1_81' title='bbox 889 1747 981 1831; x_wconf 90' lang='lat' dir='ltr'><strong>epica</strong></span> <span class='ocrx_word' id='word_1_82' title='bbox 1000 1760 1033 1812; x_wconf 85' lang='lat' dir='ltr'><strong>et</strong></span> <span class='ocrx_word' id='word_1_83' title='bbox 1053 1748 1122 1813; x_wconf 87' lang='lat' dir='ltr'><strong>aori</strong></span> <span class='ocrx_word' id='word_1_84' title='bbox 1140 1749 1210 1834; x_wconf 89' lang='lat' dir='ltr'><strong>spi·</strong></span> 
     </span>
    </p>
   </div>
   <div class='ocr_carea' id='block_1_3' title="bbox 197 1847 1209 1954">
    <p class='ocr_par' dir='ltr' id='par_1_3' title="bbox 197 1847 1209 1954">
     <span class='ocr_line' id='line_1_13' title="bbox 197 1847 1209 1954; baseline -0.001 -19"><span class='ocrx_word' id='word_1_85' title='bbox 197 1872 264 1936; x_wconf 94' lang='lat' dir='ltr'><strong>ritu</strong></span> <span class='ocrx_word' id='word_1_86' title='bbox 295 1847 438 1934; x_wconf 84' lang='lat' dir='ltr'><strong>destituti</strong></span> <span class='ocrx_word' id='word_1_87' title='bbox 464 1881 584 1943; x_wconf 89' lang='lat' dir='ltr'><strong>essent,</strong></span> <span class='ocrx_word' id='word_1_88' title='bbox 607 1870 662 1931; x_wconf 88' lang='lat' dir='ltr'><strong>sed</strong></span> <span class='ocrx_word' id='word_1_89' title='bbox 681 1866 745 1931; x_wconf 88' lang='lat' dir='ltr'><strong>stili</strong></span> <span class='ocrx_word' id='word_1_90' title='bbox 769 1869 836 1952; x_wconf 88' lang='lat' dir='ltr'><strong>ejus</strong></span> <span class='ocrx_word' id='word_1_91' title='bbox 850 1867 1083 1954; x_wconf 71' lang='lat' dir='ltr'><strong>negligentiam</strong></span> <span class='ocrx_word' id='word_1_92' title='bbox 1108 1881 1142 1934; x_wconf 89' lang='lat' dir='ltr'><strong>et</strong></span> <span class='ocrx_word' id='word_1_93' title='bbox 1159 1869 1209 1935; x_wconf 90' lang='lat' dir='ltr'><strong>in·</strong></span> 
     </span>
    </p>
   </div>
   <div class='ocr_carea' id='block_1_4' title="bbox 190 1987 1209 3513">
    <p class='ocr_par' dir='ltr' id='par_1_4' title="bbox 190 1987 1209 3513">
     <span class='ocr_line' id='line_1_14' title="bbox 197 1987 1209 2072; baseline -0.001 -19"><span class='ocrx_word' id='word_1_94' title='bbox 197 1989 322 2054; x_wconf 90' lang='lat' dir='ltr'><strong>curiam</strong></span> <span class='ocrx_word' id='word_1_95' title='bbox 347 1987 515 2069; x_wconf 84' lang='lat' dir='ltr'><strong>carpsisse,</strong></span> <span class='ocrx_word' id='word_1_96' title='bbox 546 2007 611 2070; x_wconf 90' lang='lat' dir='ltr'><strong>qua</strong></span> <span class='ocrx_word' id='word_1_97' title='bbox 633 1987 757 2050; x_wconf 81' lang='lat' dir='ltr'><strong>lactum</strong></span> <span class='ocrx_word' id='word_1_98' title='bbox 782 1997 861 2049; x_wconf 87' lang='lat' dir='ltr'><strong>esset</strong></span> <span class='ocrx_word' id='word_1_99' title='bbox 881 1998 919 2049; x_wconf 90' lang='lat' dir='ltr'><strong>ut</strong></span> <span class='ocrx_word' id='word_1_100' title='bbox 938 1989 1095 2052; x_wconf 90' lang='lat' dir='ltr'><strong>ducentos</strong></span> <span class='ocrx_word' id='word_1_101' title='bbox 1115 2009 1209 2072; x_wconf 85' lang='lat' dir='ltr'><strong>saepe</strong></span> 
     </span>
     <span class='ocr_line' id='line_1_15' title="bbox 198 2101 1208 2194; baseline -0.001 -24"><span class='ocrx_word' id='word_1_102' title='bbox 198 2108 233 2171; x_wconf 91' lang='lat' dir='ltr'><strong>in</strong></span> <span class='ocrx_word' id='word_1_103' title='bbox 267 2108 347 2179; x_wconf 87' lang='lat' dir='ltr'><strong>hora</strong></span> <span class='ocrx_word' id='word_1_104' title='bbox 367 2126 476 2170; x_wconf 80' lang='lat' dir='ltr'><strong>versus</strong></span> <span class='ocrx_word' id='word_1_105' title='bbox 497 2103 642 2168; x_wconf 87' lang='lat' dir='ltr'><strong>dictaret.</strong></span> <span class='ocrx_word' id='word_1_106' title='bbox 689 2101 786 2187; x_wconf 85' lang='lat' dir='ltr'><strong>Quod</strong></span> <span class='ocrx_word' id='word_1_107' title='bbox 816 2103 945 2169; x_wconf 89' lang='lat' dir='ltr'><strong>additur</strong></span> <span class='ocrx_word' id='word_1_108' title='bbox 972 2116 1012 2168; x_wconf 82' lang='lat' dir='ltr'><strong>art</strong></span> <span class='ocrx_word' id='word_1_109' title='bbox 1038 2128 1208 2194; x_wconf 80' lang='lat' dir='ltr'><strong>magnum</strong></span> 
     </span>
     <span class='ocr_line' id='line_1_16' title="bbox 197 2221 1208 2312; baseline 0 -22"><span class='ocrx_word' id='word_1_110' title='bbox 197 2224 377 2312; x_wconf 88' lang='lat' dir='ltr'><strong>significat:</strong></span> <span class='ocrx_word' id='word_1_111' title='bbox 405 2221 520 2288; x_wconf 71' lang='lat' dir='ltr'><strong>velutad</strong></span> <span class='ocrx_word' id='word_1_112' title='bbox 542 2221 653 2307; x_wconf 87' lang='lat' dir='ltr'><strong>magni</strong></span> <span class='ocrx_word' id='word_1_113' title='bbox 671 2223 832 2285; x_wconf 89' lang='lat' dir='ltr'><strong>momenti</strong></span> <span class='ocrx_word' id='word_1_114' title='bbox 849 2245 899 2287; x_wconf 88' lang='lat' dir='ltr'><strong>res</strong></span> <span class='ocrx_word' id='word_1_115' title='bbox 921 2237 1001 2288; x_wconf 91' lang='lat' dir='ltr'><strong>esset</strong></span> <span class='ocrx_word' id='word_1_116' title='bbox 1028 2235 1063 2288; x_wconf 89' lang='lat' dir='ltr'><strong>et</strong></span> <span class='ocrx_word' id='word_1_117' title='bbox 1081 2224 1208 2291; x_wconf 90' lang='lat' dir='ltr'><strong>inaudi-</strong></span> 
     </span>
     <span class='ocr_line' id='line_1_17' title="bbox 195 2339 1206 2428; baseline -0.001 -19"><span class='ocrx_word' id='word_1_118' title='bbox 195 2359 230 2409; x_wconf 92' lang='lat' dir='ltr'><strong>ta</strong></span> <span class='ocrx_word' id='word_1_119' title='bbox 238 2344 266 2408; x_wconf 71' lang='lat'><strong>².</strong></span> <span class='ocrx_word' id='word_1_120' title='bbox 311 2341 399 2406; x_wconf 91' lang='lat' dir='ltr'><strong>Num</strong></span> <span class='ocrx_word' id='word_1_121' title='bbox 431 2340 532 2427; x_wconf 90' lang='lat' dir='ltr'><strong>igitur</strong></span> <span class='ocrx_word' id='word_1_122' title='bbox 552 2361 589 2404; x_wconf 89' lang='lat' dir='ltr'><strong>ea</strong></span> <span class='ocrx_word' id='word_1_123' title='bbox 608 2339 676 2422; x_wconf 88' lang='lat' dir='ltr'><strong>ipsa</strong></span> <span class='ocrx_word' id='word_1_124' title='bbox 695 2342 846 2405; x_wconf 87' lang='lat' dir='ltr'><strong>facultate</strong></span> <span class='ocrx_word' id='word_1_125' title='bbox 860 2341 1067 2426; x_wconf 84' lang='lat' dir='ltr'><strong>aliquantum</strong></span> <span class='ocrx_word' id='word_1_126' title='bbox 1087 2364 1206 2428; x_wconf 89' lang='lat' dir='ltr'><strong>supet·-</strong></span> 
     </span>
     <span class='ocr_line' id='line_1_18' title="bbox 196 2459 1204 2541; baseline -0.003 -11"><span class='ocrx_word' id='word_1_127' title='bbox 196 2465 323 2530; x_wconf 87' lang='lat' dir='ltr'><strong>biverat</strong></span> <span class='ocrx_word' id='word_1_128' title='bbox 337 2460 505 2527; x_wconf 81' lang='lat' dir='ltr'><strong>Lucilius?</strong></span> <span class='ocrx_word' id='word_1_129' title='bbox 536 2459 644 2524; x_wconf 91' lang='lat' dir='ltr'><strong>Potius</strong></span> <span class='ocrx_word' id='word_1_130' title='bbox 662 2463 758 2525; x_wconf 87' lang='lat' dir='ltr'><strong>credo</strong></span> <span class='ocrx_word' id='word_1_131' title='bbox 777 2460 1036 2527; x_wconf 88' lang='lat' dir='ltr'><strong>adversariorum</strong></span> <span class='ocrx_word' id='word_1_132' title='bbox 1059 2460 1204 2541; x_wconf 84' lang='lat' dir='ltr'><strong>Horatii,</strong></span> 
     </span>
     <span class='ocr_line' id='line_1_19' title="bbox 196 2579 1204 2666; baseline -0.001 -18"><span class='ocrx_word' id='word_1_133' title='bbox 196 2582 311 2649; x_wconf 88' lang='lat' dir='ltr'><strong>Lucilii</strong></span> <span class='ocrx_word' id='word_1_134' title='bbox 324 2581 561 2646; x_wconf 79' lang='lat' dir='ltr'><strong>admiratorem</strong></span> <span class='ocrx_word' id='word_1_135' title='bbox 579 2602 616 2644; x_wconf 88' lang='lat' dir='ltr'><strong>ea</strong></span> <span class='ocrx_word' id='word_1_136' title='bbox 630 2579 729 2645; x_wconf 85' lang='lat' dir='ltr'><strong>verba</strong></span> <span class='ocrx_word' id='word_1_137' title='bbox 738 2602 819 2657; x_wconf 88' lang='lat' dir='ltr'><strong>esse;</strong></span> <span class='ocrx_word' id='word_1_138' title='bbox 845 2602 925 2666; x_wconf 89' lang='lat' dir='ltr'><strong>quos</strong></span> <span class='ocrx_word' id='word_1_139' title='bbox 937 2579 1036 2647; x_wconf 90' lang='lat' dir='ltr'><strong>etiam</strong></span> <span class='ocrx_word' id='word_1_140' title='bbox 1049 2581 1204 2666; x_wconf 86' lang='lat' dir='ltr'><strong>objicien-</strong></span> 
     </span>
     <span class='ocr_line' id='line_1_20' title="bbox 195 2697 1204 2788; baseline -0.001 -20"><span class='ocrx_word' id='word_1_141' title='bbox 195 2717 242 2768; x_wconf 88' lang='lat' dir='ltr'><strong>tes</strong></span> <span class='ocrx_word' id='word_1_142' title='bbox 259 2699 406 2768; x_wconf 83' lang='lat' dir='ltr'><strong>induxit:</strong></span> <span class='ocrx_word' id='word_1_143' title='bbox 432 2697 513 2766; x_wconf 88' lang='lat' dir='ltr'><strong>«At</strong></span> <span class='ocrx_word' id='word_1_144' title='bbox 534 2721 703 2788; x_wconf 77' lang='lat' dir='ltr'><strong>magnum</strong></span> <span class='ocrx_word' id='word_1_145' title='bbox 723 2699 822 2775; x_wconf 84' lang='lat' dir='ltr'><strong>fecit,</strong></span> <span class='ocrx_word' id='word_1_146' title='bbox 847 2700 936 2784; x_wconf 92' lang='lat' dir='ltr'><strong>quod</strong></span> <span class='ocrx_word' id='word_1_147' title='bbox 954 2700 1060 2766; x_wconf 82' lang='lat' dir='ltr'><strong>verbis</strong></span> <span class='ocrx_word' id='word_1_148' title='bbox 1080 2699 1204 2766; x_wconf 87' lang='lat' dir='ltr'><strong>Graeca</strong></span> 
     </span>
     <span class='ocr_line' id='line_1_21' title="bbox 195 2818 1203 2906; baseline -0.001 -19"><span class='ocrx_word' id='word_1_149' title='bbox 195 2821 319 2887; x_wconf 89' lang='lat' dir='ltr'><strong>Latinis</strong></span> <span class='ocrx_word' id='word_1_150' title='bbox 346 2818 497 2885; x_wconf 86' lang='lat' dir='ltr'><strong>miscuit!</strong></span> <span class='ocrx_word' id='word_1_151' title='bbox 511 2840 529 2881; x_wconf 93' lang='lat'>»</span> <span class='ocrx_word' id='word_1_152' title='bbox 544 2819 661 2886; x_wconf 89' lang='lat' dir='ltr'><strong>Irridet</strong></span> <span class='ocrx_word' id='word_1_153' title='bbox 670 2819 769 2906; x_wconf 88' lang='lat' dir='ltr'><strong>igitur</strong></span> <span class='ocrx_word' id='word_1_154' title='bbox 786 2840 849 2897; x_wconf 89' lang='lat' dir='ltr'><strong>eos,</strong></span> <span class='ocrx_word' id='word_1_155' title='bbox 865 2819 921 2904; x_wconf 92' lang='lat' dir='ltr'><strong>qui</strong></span> <span class='ocrx_word' id='word_1_156' title='bbox 934 2819 1203 2904; x_wconf 86' lang='lat' dir='ltr'><strong>obstupescebant</strong></span> 
     </span>
     <span class='ocr_line' id='line_1_22' title="bbox 192 2934 1207 3022; baseline 0 -18"><span class='ocrx_word' id='word_1_157' title='bbox 192 2939 375 3006; x_wconf 84' lang='lat' dir='ltr'><strong>incredibili</strong></span> <span class='ocrx_word' id='word_1_158' title='bbox 401 2939 456 3002; x_wconf 92' lang='lat' dir='ltr'><strong>illa</strong></span> <span class='ocrx_word' id='word_1_159' title='bbox 482 2937 597 3002; x_wconf 92' lang='lat' dir='ltr'><strong>Lucilii</strong></span> <span class='ocrx_word' id='word_1_160' title='bbox 620 2934 791 3015; x_wconf 80' lang='lat' dir='ltr'><strong>facilitate3</strong></span> <span class='ocrx_word' id='word_1_161' title='bbox 816 2937 938 3022; x_wconf 90' lang='lat' dir='ltr'><strong>quippe</strong></span> <span class='ocrx_word' id='word_1_162' title='bbox 953 2938 1021 3022; x_wconf 90' lang='lat' dir='ltr'><strong>ipse</strong></span> <span class='ocrx_word' id='word_1_163' title='bbox 1043 2961 1152 3006; x_wconf 79' lang='lat' dir='ltr'><strong>«raro</strong></span> <span class='ocrx_word' id='word_1_164' title='bbox 1175 2951 1207 3005; x_wconf 86' lang='lat' dir='ltr'><strong>et</strong></span> 
     </span>
     <span class='ocr_line' id='line_1_23' title="bbox 190 3056 1205 3144; baseline -0.001 -20"><span class='ocrx_word' id='word_1_165' title='bbox 190 3079 359 3144; x_wconf 58' lang='lat' dir='ltr'><strong>tperpauca</strong></span> <span class='ocrx_word' id='word_1_166' title='bbox 374 3057 514 3122; x_wconf 87' lang='lat' dir='ltr'><strong>scribens</strong></span> <span class='ocrx_word' id='word_1_167' title='bbox 529 3076 547 3116; x_wconf 86' lang='lat'><strong>›&gt;</strong></span> <span class='ocrx_word' id='word_1_168' title='bbox 558 3074 628 3120; x_wconf 87' lang='lat' dir='ltr'><strong>non</strong></span> <span class='ocrx_word' id='word_1_169' title='bbox 650 3057 772 3120; x_wconf 92' lang='lat' dir='ltr'><strong>morari</strong></span> <span class='ocrx_word' id='word_1_170' title='bbox 796 3078 829 3121; x_wconf 90' lang='lat' dir='ltr'><strong>se</strong></span> <span class='ocrx_word' id='word_1_171' title='bbox 843 3056 1028 3134; x_wconf 86' lang='lat' dir='ltr'><strong>fatebatur,</strong></span> <span class='ocrx_word' id='word_1_172' title='bbox 1054 3072 1091 3122; x_wconf 93' lang='lat' dir='ltr'><strong>ut</strong></span> <span class='ocrx_word' id='word_1_173' title='bbox 1114 3061 1205 3123; x_wconf 86' lang='lat' dir='ltr'><strong>mul-</strong></span> 
     </span>
     <span class='ocr_line' id='line_1_24' title="bbox 198 3173 1203 3259; baseline -0.001 -17"><span class='ocrx_word' id='word_1_174' title='bbox 198 3193 270 3243; x_wconf 88' lang='lat' dir='ltr'><strong>tum</strong></span> <span class='ocrx_word' id='word_1_175' title='bbox 289 3175 462 3259; x_wconf 88' lang='lat' dir='ltr'><strong>scripsisset</strong></span> <span class='ocrx_word' id='word_1_176' title='bbox 485 3173 627 3239; x_wconf 86' lang='lat' dir='ltr'><strong>Lucilius</strong></span> <span class='ocrx_word' id='word_1_177' title='bbox 640 3173 668 3238; x_wconf 73' lang='lat'><strong>3.</strong></span> <span class='ocrx_word' id='word_1_178' title='bbox 713 3173 822 3258; x_wconf 82' lang='lat' dir='ltr'><strong>Atque</strong></span> <span class='ocrx_word' id='word_1_179' title='bbox 840 3175 874 3238; x_wconf 86' lang='lat' dir='ltr'><strong>iu</strong></span> <span class='ocrx_word' id='word_1_180' title='bbox 891 3174 949 3240; x_wconf 91' lang='lat' dir='ltr'><strong>ista</strong></span> <span class='ocrx_word' id='word_1_181' title='bbox 973 3175 1109 3259; x_wconf 85' lang='lat' dir='ltr'><strong>quidem</strong></span> <span class='ocrx_word' id='word_1_182' title='bbox 1134 3198 1203 3244; x_wconf 81' lang='lat' dir='ltr'><strong>ver-</strong></span> 
     </span>
     <span class='ocr_line' id='line_1_25' title="bbox 194 3292 1203 3378; baseline 0.002 -17"><span class='ocrx_word' id='word_1_183' title='bbox 194 3318 291 3362; x_wconf 90' lang='lat' dir='ltr'><strong>suum</strong></span> <span class='ocrx_word' id='word_1_184' title='bbox 326 3294 419 3378; x_wconf 90' lang='lat' dir='ltr'><strong>copia</strong></span> <span class='ocrx_word' id='word_1_185' title='bbox 447 3292 590 3376; x_wconf 89' lang='lat' dir='ltr'><strong>paranda</strong></span> <span class='ocrx_word' id='word_1_186' title='bbox 617 3294 786 3359; x_wconf 90' lang='lat' dir='ltr'><strong>aemulum</strong></span> <span class='ocrx_word' id='word_1_187' title='bbox 808 3294 874 3377; x_wconf 88' lang='lat' dir='ltr'><strong>ejus</strong></span> <span class='ocrx_word' id='word_1_188' title='bbox 895 3296 1108 3360; x_wconf 85' lang='lat' dir='ltr'><strong>recordamur</strong></span> <span class='ocrx_word' id='word_1_189' title='bbox 1122 3295 1203 3363; x_wconf 89' lang='lat' dir='ltr'><strong>sub-</strong></span> 
     </span>
     <span class='ocr_line' id='line_1_26' title="bbox 195 3411 1203 3513; baseline -0.003 -31"><span class='ocrx_word' id='word_1_190' title='bbox 195 3419 364 3503; x_wconf 89' lang='lat' dir='ltr'><strong>aequalem</strong></span> <span class='ocrx_word' id='word_1_191' title='bbox 394 3411 603 3487; x_wconf 89' lang='lat' dir='ltr'><strong>Ciceronem,</strong></span> <span class='ocrx_word' id='word_1_192' title='bbox 626 3411 682 3498; x_wconf 91' lang='lat' dir='ltr'><strong>qui</strong></span> <span class='ocrx_word' id='word_1_193' title='bbox 699 3411 830 3488; x_wconf 90' lang='lat' dir='ltr'><strong>dicitur,</strong></span> <span class='ocrx_word' id='word_1_194' title='bbox 857 3415 996 3498; x_wconf 72' lang='grc' dir='ltr'><strong><em>όπηνίκα</em></strong></span> <span class='ocrx_word' id='word_1_195' title='bbox 1019 3417 1107 3500; x_wconf 77' lang='grc' dir='ltr'><strong><em>ῥυείη</em></strong></span> <span class='ocrx_word' id='word_1_196' title='bbox 1130 3417 1203 3513; x_wconf 71' lang='grc' dir='ltr'><strong>πρὸς</strong></span> 
     </span>
    </p>
   </div>
   <div class='ocr_carea' id='block_1_5' title="bbox 203 3655 482 3677">
    <p class='ocr_par' dir='ltr' id='par_1_5' title="bbox 203 3655 482 3677">
     <span class='ocr_line' id='line_1_27' title="bbox 203 3655 482 3677; baseline -0.004 -8"><span class='ocrx_word' id='word_1_197' title='bbox 203 3655 482 3677; x_wconf 40' lang='grc' dir='ltr'><strong>μή</strong></span> 
     </span>
    </p>
   </div>
   <div class='ocr_carea' id='block_1_6' title="bbox 225 3820 1196 3988">
    <p class='ocr_par' dir='ltr' id='par_1_6' title="bbox 225 3820 1196 3988">
     <span class='ocr_line' id='line_1_28' title="bbox 228 3820 522 3885; baseline -0.027 -5"><span class='ocrx_word' id='word_1_198' title='bbox 228 3839 242 3880; x_wconf 78' lang='grc' dir='ltr'>ι</span> <span class='ocrx_word' id='word_1_199' title='bbox 283 3820 522 3885; x_wconf 74' lang='lat' dir='ltr'><strong>sat.1,10,5t.</strong></span> 
     </span>
     <span class='ocr_line' id='line_1_29' title="bbox 225 3915 1196 3988; baseline -0.004 -13"><span class='ocrx_word' id='word_1_200' title='bbox 225 3936 243 3975; x_wconf 73' lang='lat' dir='ltr'><strong>a</strong></span> <span class='ocrx_word' id='word_1_201' title='bbox 275 3919 322 3973; x_wconf 79' lang='lat' dir='ltr'><strong>cf.</strong></span> <span class='ocrx_word' id='word_1_202' title='bbox 352 3921 414 3972; x_wconf 78' lang='lat' dir='ltr'><strong>Sat.</strong></span> <span class='ocrx_word' id='word_1_203' title='bbox 433 3919 465 3985; x_wconf 91' lang='lat'><strong>1,</strong></span> <span class='ocrx_word' id='word_1_204' title='bbox 485 3933 536 3981; x_wconf 89' lang='grc' dir='ltr'><strong>ιο,</strong></span> <span class='ocrx_word' id='word_1_205' title='bbox 555 3917 589 3988; x_wconf 80' lang='lat'><strong>59</strong></span> <span class='ocrx_word' id='word_1_206' title='bbox 613 3917 659 3970; x_wconf 86' lang='lat' dir='ltr'><strong>ubi</strong></span> <span class='ocrx_word' id='word_1_207' title='bbox 677 3915 742 3969; x_wconf 89' lang='lat' dir='ltr'><strong>hoc</strong></span> <span class='ocrx_word' id='word_1_208' title='bbox 763 3922 900 3968; x_wconf 85' lang='lat' dir='ltr'><strong>tantum</strong></span> <span class='ocrx_word' id='word_1_209' title='bbox 918 3916 1011 3969; x_wconf 82' lang='lat' dir='ltr'><strong>eadem</strong></span> <span class='ocrx_word' id='word_1_210' title='bbox 1029 3918 1134 3971; x_wconf 84' lang='lat' dir='ltr'><strong>ratione</strong></span> <span class='ocrx_word' id='word_1_211' title='bbox 1151 3917 1196 3971; x_wconf 84' lang='lat' dir='ltr'><strong>iu·</strong></span> 
     </span>
    </p>
   </div>
   <div class='ocr_carea' id='block_1_7' title="bbox 192 4003 842 4180">
    <p class='ocr_par' dir='ltr' id='par_1_7' title="bbox 192 4003 842 4180">
     <span class='ocr_line' id='line_1_30' title="bbox 192 4003 842 4087; baseline -0.011 -16"><span class='ocrx_word' id='word_1_212' title='bbox 192 4003 339 4087; x_wconf 72' lang='lat' dir='ltr'><strong>terprelari</strong></span> <span class='ocrx_word' id='word_1_213' title='bbox 356 4015 497 4081; x_wconf 80' lang='lat' dir='ltr'><strong>debemus,</strong></span> <span class='ocrx_word' id='word_1_214' title='bbox 515 4016 617 4084; x_wconf 85' lang='lat' dir='ltr'><strong>quippe</strong></span> <span class='ocrx_word' id='word_1_215' title='bbox 636 4015 842 4083; x_wconf 82' lang='lat' dir='ltr'><strong>appositionem.</strong></span> 
     </span>
     <span class='ocr_line' id='line_1_31' title="bbox 226 4113 573 4180; baseline -0.012 -13"><span class='ocrx_word' id='word_1_216' title='bbox 226 4116 246 4167; x_wconf 73' lang='lat'>5</span> <span class='ocrx_word' id='word_1_217' title='bbox 278 4115 351 4169; x_wconf 73' lang='lat' dir='ltr'><strong>End.</strong></span> <span class='ocrx_word' id='word_1_218' title='bbox 369 4114 395 4180; x_wconf 92' lang='lat'><strong>1,</strong></span> <span class='ocrx_word' id='word_1_219' title='bbox 412 4114 442 4178; x_wconf 75' lang='lat'><strong>4,</strong></span> <span class='ocrx_word' id='word_1_220' title='bbox 463 4113 506 4177; x_wconf 70' lang='grc' dir='ltr'><strong>ιδ,</strong></span> <span class='ocrx_word' id='word_1_221' title='bbox 531 4113 573 4164; x_wconf 87' lang='lat'><strong>18.</strong></span> 
     </span>
    </p>
   </div>
   <div class='ocr_carea' id='block_1_8' title="bbox 0 0 1294 4756">
    <p class='ocr_par' dir='ltr' id='par_1_8' title="bbox 0 0 1294 4756">
     <span class='ocr_line' id='line_1_32' title="bbox 0 0 1294 4756; baseline 0 3"><span class='ocrx_word' id='word_1_222' title='bbox 0 0 1294 4756; x_wconf 95' lang='lat' dir='ltr'><strong> </strong></span> 
     </span>
    </p>
   </div>
  </div>
 </body>
</html>
