2580 4756
611 406 674 465 305

126 576 187 647 'ets
212 604 290 645 eum
311 583 405 645 fuisse
437 597 469 644 et
496 581 695 667 singularem
718 578 955 664 antiquioribus
978 579 1079 660 poetis
1100 576 1147 639 di-

132 701 305 788 ligentiam
334 701 515 783 adhibuisse
528 701 555 764 1.
600 698 819 764 Nihilominus
846 720 918 762 eam
940 697 1043 763 critici
1069 718 1149 779 per·

131 842 250 887 sonam
287 820 391 885 festivi
410 820 551 882 hominis
577 842 669 883 more
690 819 835 903 gessisse,
857 841 917 882 nec
941 797 1148 903 grammatici

130 937 306 1024 ieiunitate
343 939 557 1023 inquinavisse
589 942 763 1002 censendus
786 951 842 1001 est.
887 937 1003 1021 Itaque
1025 938 1149 1000 risisse

133 1078 214 1139 eum
246 1056 344 1121 Ennii
376 1058 486 1122 versus
514 1079 553 1122 ex
579 1057 782 1133 Annalibus,
806 1055 862 1140 qui
884 1056 1039 1142 gravitate
1066 1055 1149 1139 epici

131 1152 289 1242 ¹carminis
325 1177 467 1259 minores
490 1190 606 1253 essent,
630 1175 781 1240 Horatius
798 1178 916 1251 relert3
942 1173 1150 1259 quilridendi

128 1278 255 1358 'modus
275 1295 379 1379 qualis
397 1295 517 1371 fuerit,
543 1318 560 1358 e
581 1293 692 1359 Servio
713 1295 909 1369 didicimus,
935 1294 991 1378 qui
1004 1296 1149 1357 irrisio-

133 1437 176 1479 ne
207 1435 286 1476 eum
308 1435 405 1476 usum
428 1435 492 1477 esse
514 1414 631 1477 diserte
648 1413 791 1478 tradidit.
838 1412 938 1476 Porro
962 1417 1050 1497 quod
1074 1436 1147 1477 mu-

134 1535 267 1597 tavisse
290 1531 324 1595 in
353 1532 452 1596 Accio
475 1533 562 1597 idem
592 1533 784 1617 perhibetur
798 1580 810 1611 ,¹
832 1555 940 1596 nonne
964 1533 1087 1617 pariter
1112 1554 1150 1597 eo

134 1654 244 1728 valet,
268 1664 307 1715 ut
326 1650 527 1716 arbitremur
539 1652 641 1747 ¹Accii
665 1666 698 1716 et
711 1652 841 1717 Pacuvii
854 1655 1014 1734 ampullas
1038 1666 1070 1716 et
1083 1674 1150 1716 ses-

135 1770 324 1857 quipedalia
343 1750 443 1834 verba
464 1776 506 1845 ἐς
529 1775 565 1834 τὸ
588 1771 710 1851 γελοῖον
733 1771 1007 1857 perugipvllpiour,
1020 1786 1056 1835 ut
1068 1772 1150 1835 illud

135 1888 476 1979 repandirostrum?
512 1889 576 1954 Nos
603 1891 727 1955 etiamsi
750 1894 846 1974 plura
862 1892 1013 1974 parodiae
1035 1913 1152 1955 exem·

138 2014 192 2093 pla
214 2010 249 2073 in
272 2009 416 2093 reliquiis
437 2031 503 2072 non
524 2009 786 2085 invenerimus²,
811 2024 922 2087 tarnen
944 2014 1035 2074 nulla
1057 2034 1151 2076 causa

142 2142 190 2211 est
210 2150 268 2215 our
292 2138 468 2212 propterea
489 2151 661 2214 negemus,
686 2130 863 2211 abundasse
877 2130 912 2193 iis
926 2129 1043 2194 Lucilii
1058 2152 1150 2213 opus.

144 2244 253 2331 Quin,
282 2262 442 2332 quantam
463 2270 597 2331 operam
622 2248 657 2326 in
675 2270 713 2311 eo
736 2249 845 2312 studio
866 2249 1028 2332 posuerit,
1056 2247 1151 2314 Gellii

140 2368 227 2431 locus
248 2368 362 2444 docet3
388 2368 464 2450 qui,
479 2367 668 2430 memoratis
695 2368 828 2431 comicis
841 2382 872 2430 et
886 2369 1012 2452 tragicis
1027 2369 1153 2432 Roma·

137 2506 262 2549 norum
285 2485 429 2549 maxime
453 2485 635 2559 nobilibus,
658 2486 706 2548 bis
732 2486 806 2567 ipsis
831 2488 1018 2550 clariorem
1032 2488 1151 2552 Lucili-

138 2624 200 2667 um
225 2603 320 2693 fuisse
343 2603 467 2679 tradit,
490 2604 548 2687 qui
572 2625 687 2682 eorum
712 2608 864 2686 poemata
882 2605 1150 2672 abta-ectasisset.

138 2720 256 2800 Critici
276 2722 377 2809 igitur
399 2743 519 2785 munus
543 2722 640 2785 tuitus
663 2736 709 2784 est
733 2743 770 2785 ea
787 2722 959 2807 dignitate,
977 2746 1059 2807 quoe
1085 2747 1150 2789 non

138 2840 249 2907 minus
283 2844 426 2905 facetum
464 2863 564 2925 quam
581 2837 766 2904 'emunctae
788 2841 874 2905 naris
899 2851 1034 2924 po'e'tam
1058 2847 1149 2909 dece·

136 2958 202 3025 bat.
238 2956 385 3044 Quodsi,
401 2981 485 3044 quae
506 2962 567 3037 hac
585 2960 709 3023 ratione
730 2956 917 3043 scripserat,
943 2961 1077 3048 indigna
1095 2965 1151 3047 ju·

131 3078 260 3145 dicavit
289 3100 372 3164 quae
407 3077 563 3162 Scipionis
587 3079 709 3163 judicio
744 3079 1004 3163 subjicerentur,
1038 3096 1152 3147 eontra

344 3273 348 3281 ‚
364 3261 420 3271 ιιι-ι-

171 3382 195 3419 ι·
223 3384 254 3433 p.
272 3368 334 3433 ιβι.
420 3420 423 3424 a
485 3422 488 3427 ,

137 3438 141 3447 ·
170 3486 187 3520 α
223 3438 590 3533 Pacuviumattigitl'r.
606 3465 728 3527 xlx,8:
741 3471 1074 3540 Rausurotrugicusqur'
1085 3488 1152 3521 car-

140 3564 215 3615 mina
228 3565 327 3635 perdit
346 3567 455 3626 Oreste,
474 3564 548 3632 quod
559 3566 654 3618 docuit
664 3583 707 3617 me
719 3568 751 3618 N
753 3567 838 3618 aske
856 3569 919 3618 Ind.
933 3567 1043 3619 Praell.
1056 3572 1149 3623 Bonn.

139 3660 207 3713 18'25
223 3661 286 3727 μί
310 3684 325 3714 α
339 3660 490 3714 Pacuviano
508 3664 599 3714 subula
620 3663 836 3716 Dulorestes
853 3683 935 3732 quum
955 3675 1081 3733 ageretur
1098 3667 1153 3718 ati.

141 3758 267 3825 quando,
286 3759 388 3811 accidit
403 3757 548 3812 histrionis
567 3761 665 3827 culpa,
686 3761 734 3831 qui
752 3762 879 3816 Orestem
891 3766 1007 3831 egebat,
1038 3773 1066 3816 et
1087 3784 1154 3817 rau.

141 3866 275 3909 curasset
295 3856 395 3918 lectus,
416 3865 447 3908 ut
464 3858 625 3924 displiceret
640 3859 734 3908 fabula
750 3859 795 3913 vel
814 3859 870 3911 risu
888 3861 1072 3928 exciperetur.
1090 3861 1154 3914 Lu-

142 3952 217 4006 cilios
245 3955 362 4008 sortasse
384 3975 416 4008 eo
440 3956 501 4008 loco
523 3957 649 4008 irrisorem
667 3974 723 4008 esse
742 3958 905 4025 tragicorum
925 3963 1068 4025 poetarum
1091 3980 1154 4014 sor-

142 4057 192 4104 tem
220 4052 443 4117 demonstrabat,
465 4073 581 4123 quorum
594 4055 665 4105 salus
683 4059 711 4105 in
730 4054 894 4108 histrionum
914 4057 1078 4110 ‹textoritare
1097 4079 1150 4124 po-

138 4152 185 4203 tita
203 4158 310 4206 essct.»

626 4284 669 4344 20
