2580 4756
635 373 694 432 157

202 550 299 613 1713.
325 545 412 632 opp.
438 557 469 609 et
492 545 638 634 Frugm.
662 558 744 626 reti.
759 551 868 634 potiit.
886 546 967 612 Lat.
992 561 1066 613 tam
1085 572 1169 636 pro·

104 658 106 662 ’
145 665 259 752 pisan.
295 688 400 753 quum
432 665 618 731 ecclesiast.
642 662 704 729 Ed.
728 664 779 730 M.
803 664 1005 732 Maitiaire.
1030 667 1170 731 Londini

151 787 210 850 iol.
237 784 426 873 (Lucilii
440 782 585 870 fragm.
605 782 644 846 in
668 783 733 848 voi.
756 782 790 846 ΙΙ
810 805 848 868 p.
877 785 963 848 1496
987 784 1076 872 sqq.)

201 932 301 997 1721.
327 931 458 1018 Corpus
483 932 640 995 omniurn
668 941 749 995 veit.
769 933 877 1016 poili.
911 929 993 997 Lat.
1023 953 1091 998 eur.
1117 931 1169 998 M.

149 1048 400 1117 Maittaire.
423 1048 508 1135 Πᾶς.
530 1048 628 1114 Com.

198 1171 294 1262 1735.
321 1191 356 1261 0.
371 1195 558 1260 Lucilii
569 1230 612 1242 -ν
625 1195 809 1282 reliquiae.
827 1192 911 1260 Coli.
931 1195 999 1260 Fr.
1017 1195 1168 1262 Deuca.

148 1313 214 1379 Ed.
240 1314 273 1377 II
306 1312 608 1400 Lugduno-Batavd
629 1313 753 1377 auctior
782 1325 816 1376 et
839 1313 1167 1402 emendatiorum.

149 1431 207 1498 Jo.
227 1408 330 1497 Aut.
356 1445 388 1496 et
412 1431 544 1518 Cejet.
571 1430 609 1494 V
611 1431 782 1516 ulpiis).
828 1430 948 1497 Patavii
972 1434 1004 1497 8.

244 1552 271 1598 ln
288 1548 375 1618 Episi.
391 1554 509 1599 adcand.
520 1546 605 1599 lectt.
622 1566 635 1595 α
647 1551 737 1598 Lucilii
747 1551 891 1616 Fragmenta
905 1529 944 1616 (a.
957 1547 1034 1619 ⁴597)
1042 1554 1105 1618 typis
1111 1553 1169 1601 lcu-

209 1659 240 1712 go
263 1661 308 1695 usu
331 1649 427 1694 detritis
452 1649 555 1704 visuque
580 1642 721 1709 injucundis
737 1659 824 1695 excusa
840 1647 957 1694 inerant:
975 1649 1041 1704 quod
1055 1649 1168 1706 plerum·

209 1755 258 1800 que
274 1744 400 1790 consuevit
416 1742 605 1804 liaphelengius.
623 1741 682 1788 Eum
707 1754 781 1800 porro
797 1741 934 1788 Ediilouem
950 1753 1110 1789 summanum
1119 1737 1168 1789 fide

208 1850 238 1885 ec
265 1838 395 1901 diligentia
422 1838 485 1902 typis
500 1837 605 1883 describi
623 1821 776 1894 curavimus,
793 1836 902 1893 plurime
918 1840 1000 1883 errata
1016 1836 1168 1896 sustulimus,

208 1937 306 1991 praeter
321 1933 368 1979 ilia
383 1943 464 1990 pauca
479 1943 544 1986 quae
559 1932 584 1977 in
602 1931 672 1977 calce
687 1930 818 1976 voluminis
828 1934 912 1976 notata
923 1934 1008 1977 erant:
1025 1933 1082 1978 loca
1091 1942 1168 1988 quae-

207 2028 266 2074 dam
289 2030 332 2072 aut
348 2019 420 2072 nulli
436 2028 479 2070 aot
495 2018 599 2070 obscuri
615 2017 752 2082 sententid,
770 2024 930 2089 restituimus.
962 2025 1106 2090 Fragmenta
1121 2025 1168 2082 Sa·

208 2126 327 2184 tyrarum,
346 2118 452 2176 quaein
468 2118 674 2165 adnotationibus
689 2117 826 2164 recitantur
842 2131 899 2165 cum
915 2093 1055 2169 eorumdem
1067 2109 1168 2168 conte'x-
1270 2158 1273 2163 .

208 2218 253 2272 tu,
280 2226 328 2260 non
360 2215 411 2261 sine
432 2213 566 2277 legentium
586 2213 770 2271 emolumento,
787 2224 802 2259 a
819 2213 890 2260 nubis
905 2212 998 2261 collata
1014 2219 1082 2262 suut.
1114 2214 1167 2262 tiu·

207 2321 329 2356 merorum
349 2309 436 2355 seriem
446 2308 617 2366 perturbatam
633 2308 660 2354 in
680 2307 799 2364 deliquiis
815 2308 874 2356 libri
891 2309 963 2357 xxx
979 2311 1127 2359 correximus
1143 2312 1169 2357 et

204 2404 378 2451 ordinavimus.
411 2401 480 2462 Quae
506 2403 587 2450 Dcusa
602 2401 630 2449 in
646 2406 754 2452 extreme
770 2404 857 2464 libro,
874 2405 992 2452 addenda
1002 2439 1012 2465 ,
1029 2407 1164 2464 posuerat,

204 2501 230 2546 iu
257 2510 300 2544 sua
316 2498 372 2544 loca
388 2497 563 2544 revocavimus.
582 2491 664 2558 [iton
679 2496 773 2548 iactum
788 2509 840 2544 esse
855 2495 979 2558 apparet}
1011 2498 1121 2546 Tandem
1136 2502 1164 2545 ut

204 2593 325 2640 studiosae
348 2589 484 2655 juventutis
504 2591 640 2637 redonibus
665 2590 866 2651 consuleremus,
894 2603 959 2648 quae
985 2591 1017 2638 ad
1040 2591 1163 2638 Lucilium

204 2688 353 2747 pertinentia
376 2686 474 2746 scripsit
497 2671 651 2744 Fabricius,
678 2688 704 2730 ei
729 2696 792 2740 quae
814 2684 912 2730 devita
929 2681 1037 2746 ejusdem
1055 2677 1166 2730 Crinitus

203 2785 228 2827 et
243 2774 397 2838 Sagittaruu
412 2779 546 2828 memoriae
563 2777 741 2833 tradiderunt,
757 2788 846 2836 apeme
861 2780 969 2836 pretium
984 2773 1092 2841 adjicere
1102 2777 1166 2825 exis-

201 2877 349 2923 timavimua.
362 2891 418 2920 u-
428 2873 466 2922 Gi.
485 2870 513 2918 J.
531 2869 573 2921 A.
600 2868 650 2920 Vn
661 2875 731 2934 ipit
747 2872 811 2918 liber
821 2873 852 2919 dc
862 2880 967 2938 sairrae
977 2879 1024 2924 iet.
1036 2881 1164 2929 naturast

203 2976 300 3019 ratione
317 2985 343 3030 p.
363 2966 420 3015 itti.

187 3096 283 3160 1743.
310 3094 492 3158 Censorini
518 3092 607 3156 iiber
629 3091 671 3156 de
696 3091 753 3156 die
776 3093 908 3156 natali.
934 3092 1011 3157 Rec.
1037 3090 1071 3157 S.
1085 3092 1163 3158 Hu-

139 3235 307 3298 cereump.
333 3210 504 3276 Accedunt
529 3211 565 3275 C.
591 3210 779 3274 Lucilii
797 3212 973 3300 reliquiae
995 3235 1069 3276 cur.
1096 3209 1157 3277 Fr.

136 3330 271 3396 Druso.
304 3331 411 3417 Lugd.
437 3329 509 3394 Bet.
535 3330 568 3393 8.
593 3365 638 3378 -
658 3329 720 3394 Ed.
745 3329 778 3393 II
798 3352 828 3394 a.
855 3331 952 3394 1767.

232 3451 365 3499 Lucilianis
381 3451 481 3496 additus
497 3455 535 3495 est
552 3450 624 3496 index
635 3449 841 3508 locupletissimus
862 3473 896 3484 -
907 3448 1015 3495 Praestat
1024 3444 1074 3496 Fr.
1086 3444 1162 3496 Dou-

200 3560 244 3591 sae
276 3547 381 3593 Mittunt
397 3560 421 3592 a.
441 3541 516 3603 4597,
543 3547 601 3602 quia
619 3549 691 3591 notae
710 3546 758 3603 ipsi
779 3545 854 3610 textui
873 3541 995 3604 subjectae
1017 3549 1083 3591 sunt.
1111 3543 1159 3593 cir.

202 3635 277 3688 Acin
294 3637 402 3688 Erudit.
419 3637 490 3705 Lips.
509 3634 595 3705 Suppi.
616 3644 634 3686 i.
650 3639 713 3698 iiip
741 3637 773 3688 63
790 3650 865 3699 stili·¹
927 3634 928 3638 ’

185 3764 286 3828 1766.
312 3763 478 3829 Colleciiu
512 3763 745 3828 Pisaureneis
769 3762 924 3825 omnium
943 3765 1160 3868 peiurium,

132 3884 359 3957 carminum,
385 3881 676 3970 fragmentorum
699 3882 917 3957 latinorum,
950 3883 1030 3947 ouri
1054 3882 1160 3947 Pos-

134 4003 254 4066 eutis
281 3999 436 4066 Auenti.
473 4001 608 4066 Pisauri.
634 4004 664 4065 4.
686 3999 760 4065 voi.
790 4000 837 4066 IV
860 4003 1113 4093 p4332-358.
