2580 4756
628 426 668 486 37

134 625 232 667 mus:
268 601 445 681 Balborum
479 600 611 686 quidem
644 601 768 667 familia
800 602 876 668 satis
906 615 983 667 nota
1012 615 1081 667 erat
1103 624 1140 667 sc

134 721 265 787 nobilis.
301 721 341 786 In
365 723 449 784 banc
479 719 579 806 igitur
612 721 637 785 si
658 733 836 787 statuamus
860 721 973 788 Lucilii
994 742 1140 787 sororem

132 840 316 916 transiisse,
338 839 423 902 filiae
445 860 484 903 ex
503 840 566 903 hoc
589 839 799 905 matrimonio
821 853 914 905 natae
935 840 1053 904 mansit
1069 838 1141 903 Lu-

134 960 229 1023 ciliae
249 979 392 1035 nomen,
415 960 518 1023 donec
536 957 674 1023 nuberet
698 957 760 1024 Cn.
784 958 937 1043 Pompejo
963 956 1138 1034 Straboni,

134 1076 285 1162 Pompeji
308 1076 418 1163 magni
450 1059 545 1159 patri.
591 1077 756 1142 Vindicari
782 1078 829 1143 ita
847 1077 1045 1163 antiquitatis
1061 1078 1140 1142 fides

135 1209 253 1280 potest.
299 1192 362 1259 Sed
397 1194 588 1279 quaeritur,
606 1197 695 1279 cujus
718 1195 858 1259 familiae
882 1194 1023 1258 Lucilius
1045 1198 1140 1277 poe'ta

131 1317 271 1399 ejusque
318 1335 401 1399 quae
441 1311 621 1378 celebratur
662 1333 753 1378 soror
785 1313 894 1377 fuerit.
952 1312 1140 1377 Torrentius

133 1433 268 1519 quidem
295 1455 312 1497 e
335 1433 506 1497 Bassorum
529 1432 651 1496 familia
673 1445 759 1498 ortos
782 1433 989 1509 existimavit,
1013 1433 1141 1515 ipsum-

134 1575 204 1665 (ψο
235 1550 398 1617 Lucilium
419 1553 505 1635 apud
529 1550 745 1618 Ciceronem¹
768 1552 919 1631 Bassum
941 1556 1140 1638 appellatum

133 1654 274 1737 inveniri
287 1673 314 1738 ⁹.
352 1671 461 1758 Quam
484 1676 551 1758 ejus
574 1673 760 1757 opinionem
783 1698 842 1739 nec
862 1675 1033 1759 quisquam
1050 1695 1140 1738 secu·

135 1803 189 1855 tus
214 1799 261 1855 est
282 1803 315 1855 et
332 1792 541 1856 temerariam
561 1813 691 1874 prorsus
711 1815 775 1856 esse
795 1793 1036 1870 contendimus3
1061 1814 1140 1856 nam

134 1908 257 1976 merito
282 1909 502 1988 miraremur,
527 1908 740 1986 Ciceronem,
757 1911 815 1995 qui
833 1911 956 1994 saepius
976 1910 1140 1976 Lucilium

126 2041 324 2106 memorat,
348 2028 499 2113 ,aliosque
522 2031 643 2095 multos
662 2029 833 2113 scriptores
852 2032 919 2114 ejus
942 2030 1140 2121 cognominis

135 2147 424 2232 nullamuspiam
450 2147 558 2212 fecisse
579 2128 792 2213 mentionem.
840 2144 907 2213 Aut
931 2149 1031 2236 igitur
1053 2149 1140 2214 idem

136 2264 368 2329 existimandus
394 2277 462 2341 est,
493 2264 550 2361 qui
572 2264 678 2329 alibi⁸
698 2266 888 2349 simpliciter
910 2267 1021 2332 Bassus
1042 2289 1141 2333 socae

119 2397 217 2459 -tur,
246 2395 323 2458 aut,
353 2384 442 2466 quod
469 2383 535 2448 aliis
568 2382 736 2468 probabile
756 2385 862 2450 visum
880 2399 949 2463 est,
972 2387 1142 2472 corrigens-

121 2503 221 2574 ‚dum
263 2501 383 2587 gentile
423 2522 543 2566 nomen
573 2500 608 2566 in
645 2500 859 2579 Caecilium,
889 2503 924 2566 in
952 2525 1021 2587 qua
1044 2518 1139 2589 gente

135 2619 310 2712 Bassorum
334 2618 493 2689 familiam
516 2619 610 2684 fuisse
632 2632 767 2685 comtat.
791 2618 1020 2705 Quamobrem.
1039 2622 1140 2686 tutius

136 2752 187 2803 est
209 2739 246 2801 iis
268 2737 430 2815 assentiri,
456 2738 513 2822 qui
535 2738 676 2802 familiae
698 2740 847 2804 nondum
870 2739 986 2803 illustri
1009 2739 1141 2804 atuor·-

134 2856 171 2922 lii
206 2856 334 2943 ingenio
366 2869 398 2928 et
430 2855 614 2920 celebritate
646 2855 790 2939 primam
825 2857 1139 2922 commendationem

135 2975 300 3043 accessisse
336 2975 534 3046 existiment:
562 2996 639 3038 nam
663 2977 868 3058 peramplam
890 2988 923 3038 et
945 2963 1145 3060 locupletem

115 3155 120 3165 .
137 3095 245 3172 fuisse,
269 3095 339 3178 quis
356 3091 497 3179 Pighio4
519 3093 633 3159 leviter
644 3094 795 3159 statuenti
809 3093 989 3158 concedat?
1013 3095 1140 3180 Eques·

134 3215 180 3279 tri
213 3227 325 3286 autem
356 3211 461 3278 ordini
490 3215 630 3278 eundem
670 3217 799 3296 poetam
828 3214 1025 3298 adscriptum
1045 3216 1139 3280 fuisse

136 3334 195 3398 etsi
219 3354 335 3397 verum
356 3331 412 3408 sit,
431 3344 557 3407 tamen,
574 3331 660 3397 miro
683 3331 819 3396 artificio
835 3333 898 3408 usi,
914 3332 1010 3396 multi
1023 3335 1153 3397 ‹locue·-·

116 3466 230 3519 runt.
274 3449 358 3516 Nam
389 3450 608 3516 adhibuerunt
629 3450 742 3542 Velleji
765 3451 864 3516 verba
876 3497 893 3528 „
909 3451 968 3536 qui,
989 3449 1140 3516 Numan-

174 3815 185 3849 ι
225 3799 299 3867 Epp.
328 3794 366 3847 ad
382 3798 444 3851 Ast.
469 3796 551 3860 XII,
577 3796 604 3847 5.
642 3801 711 3849 Cato
732 3816 773 3849 me
795 3799 910 3869 quidemr
929 3800 1142 3865 delectamed

138 3897 224 3947 etiam
241 3896 361 3946 Bassum
377 3894 518 3946 Lucilium
535 3912 600 3945 sua·

172 4009 189 4044 α
223 3989 602 4054 AdH0r08ar.1,4,6.

170 4089 188 4142 ὃ
224 4089 300 4160 Epp.
318 4089 356 4139 ad
374 4091 454 4142 Fam.
471 4087 553 4156 VH,
573 4107 617 4144 ιο,

172 4189 188 4241 4
225 4184 451 4249 Ann.lli,31.
