2580 4756
624 317 665 380 48

142 496 245 562 luisse.
291 492 387 579 Quod
415 494 440 558 si
465 493 614 558 audacius
637 494 762 559 dictum
785 492 958 571 uideatur,
983 494 1149 562 Panaetius

143 627 248 690 certe,
270 611 378 677 Romi
405 610 546 678 Athenas
560 615 724 696 profectus
741 620 780 677 ut
805 596 984 697 Antipatro
1001 613 1148 681 Tarsensi

109 750 112 755 ·
142 733 177 796 in
200 731 342 797 Stoicam
359 735 501 798 scholam
522 734 721 807 succederet,
745 732 976 799 Romanorum
985 736 1147 820 juvenum

141 853 268 929 laudes,
294 852 351 936 qui
374 851 434 916 sibi
456 851 553 915 studii
573 853 688 915 ardore
704 850 834 936 probati
861 851 1015 935 fuissent,
1037 856 1147 919 eodem

141 971 343 1059 propagavit.
389 969 498 1055 Atque
527 991 565 1035 ea
591 970 725 1054 quidem
751 990 846 1035 cauea
862 971 964 1036 fuerit
986 970 1148 1040 Clitoma-

142 1090 224 1166 cho,
245 1087 416 1155 Carneadis
440 1088 611 1157 successori
629 1089 694 1153 625
710 1087 816 1180 (129),
839 1102 877 1155 ut
898 1088 1148 1157 Luciliumsin-

140 1209 246 1296 gulari
262 1208 468 1275 dedicationis
489 1208 613 1273 honore
636 1221 777 1273 ornaret.

186 1325 273 1393 Cum
301 1326 350 1391 his
375 1326 495 1412 igitur,
530 1346 611 1410 quos
647 1325 920 1403 memoravimus,
956 1328 1153 1414 aequalibus.

141 1444 282 1509 Lucilius
327 1440 488 1509 amicitias
514 1444 596 1509 iniit.
655 1441 717 1509 Sed
758 1465 839 1509 num
871 1445 1144 1517 administrandae

140 1562 337 1648 reipublicae
376 1584 488 1647 expers
531 1563 611 1639 fuit,
652 1563 709 1647 qui
750 1560 944 1628 Numantiae
976 1564 1142 1631 affuerat?

140 1681 275 1748 Moneor
297 1683 359 1747 hoc
387 1683 459 1746 loeo
487 1680 587 1746 dubia
615 1682 780 1764 prolerre,
812 1701 895 1765 quae
917 1684 958 1746 ad
981 1674 1151 1768 liquidum,

139 1804 316 1887 perducere
333 1819 399 1865 non
431 1800 516 1865 licet.
562 1797 718 1887 Pighius¹
744 1799 851 1876 enim,
876 1812 1141 1885 secutus-eorum

138 1921 354 1998 sententiam,
384 1920 441 2005 qui
465 1942 523 2004 per
542 1919 707 1984 Lucilium
727 1919 920 1984 senatoriam
934 1922 1060 1986 saetam
1080 1925 1143 2008 ejus

140 2038 297 2102 familiam
334 2050 366 2102 et
396 2041 436 2102 ad
466 2040 669 2121 capessendos
695 2039 831 2102 honores
863 2049 1011 2102 evectam
1047 2039 1141 2105 fuisse

137 2167 336 2231 statuerent,
369 2155 529 2218 hoscum
552 2155 770 2240 magistratus
787 2155 912 2242 gessisse
943 2155 1141 2223 arbitratur:

140 2272 472 2358 quaesturam627
489 2269 594 2361 (127),
616 2287 853 2356 praeturam
866 2275 930 2339 637
947 2273 1057 2365 (117).
1081 2266 1141 2343 Sed

53 2466 61 2482 Ι
138 2393 204 2458 sive
215 2391 263 2456 his
277 2390 467 2457 muneribus
479 2411 514 2455 re
526 2413 604 2456 uera
617 2394 747 2456 functus
759 2405 816 2470 est,
833 2392 899 2458 sire
913 2393 1060 2476 privatus
1071 2395 1142 2465 Ro-

136 2533 211 2576 mae
222 2510 320 2598 degit,
342 2512 483 2575 reseram
495 2510 584 2595 quod
595 2522 668 2593 post
686 2510 767 2574 illud
778 2523 908 2593 tempus
920 2512 1069 2578 accidisse
1080 2533 1142 2579 uo·

136 2631 253 2696 vimus.
283 2628 419 2716 Legitur
431 2629 519 2712 apud
532 2625 743 2695 Ciceronem:
769 2652 787 2723 a
797 2625 885 2692 Nihil
897 2628 999 2716 magis
1010 2630 1136 2707 ridetur

137 2770 238 2833 quam
261 2750 350 2833 quod
369 2760 415 2813 est
426 2760 555 2832 praeter
566 2745 855 2831 exspectationem:
876 2748 969 2840 ‘cupis
983 2746 1141 2814 innume·

136 2865 251 2930 rabilia
270 2879 345 2931 sunt
356 2867 521 2949 exempla,
547 2867 635 2930 velut
655 2862 754 2948 Appii
768 2863 901 2948 majoris
912 2864 1018 2941 illius,
1033 2866 1140 2961 quiin

135 2997 266 3060 senatu,
281 3005 385 3068 quum
408 2995 559 3069 ageretur
570 2984 610 3046 de
622 2983 705 3068 agris
718 2981 854 3066 publicis
874 2996 907 3048 et
918 2985 958 3048 de
969 2984 1041 3070 lege
1053 2984 1140 3050 Tho·

135 3103 205 3178 ria,
226 3115 259 3167 et
280 3113 485 3185 premeretur
510 3098 680 3163 Lucilius²
702 3100 744 3165 ab
767 3100 819 3177 iis,
843 3101 1061 3186 quiapeoore
1073 3105 1139 3189 ejus

135 3220 261 3305 depasci
290 3239 382 3304 agros
415 3216 562 3302 publicos
593 3217 752 3283 dicerent:
795 3242 864 3288 nost
898 3231 967 3293 est,
1002 3220 1134 3306 inquit,

134 3340 273 3406 Lucilii
299 3360 403 3426 pecus
430 3335 552 3403 illud:
586 3341 742 3403 errats's:
766 3338 949 3428 (defendere
971 3320 1139 3405 Lucilium

135 3455 318 3544 videbatur)
356 3479 416 3546 ego
435 3454 585 3521 tatarum
602 3467 689 3542 pato
712 3479 780 3521 essa
791 3481 805 3536 3
827 3478 896 3544 qua
922 3444 1034 3535 tutes,
1050 3481 1138 3559 pass

134 3578 269 3644 essert.
285 3598 302 3639 u
349 3577 435 3640 Haec
461 3574 560 3660 Appii
577 3575 734 3653 verba,a
757 3574 891 3641 Caesare
912 3589 1040 3641 oratore
1065 3580 1139 3643 lau·

168 3879 180 3917 t
217 3864 295 3917 Ana.
317 3863 377 3928 ill,
396 3865 494 3935 31,9o
525 3863 569 3933 9⁵·

168 3978 185 4014 2
220 3958 699 4025 Codd.Lucullus,Lucillus‚
719 3977 781 4013 mox
802 3959 961 4025 Luculli,
985 3960 1132 4014 Lucilli.

168 4058 184 4135 Q
223 4061 298 4110 cte.
317 4061 349 4111 de
369 4063 447 4113 Orat.
477 4058 519 4123 ll,
538 4073 587 4129 70,
610 4059 671 4113 284·
