2580 4756
629 400 691 462 103

144 574 212 640 Hic
234 580 330 660 plura
350 590 426 641 sunt
444 576 742 642 animadvertenda.
778 576 929 641 Primum
952 581 1159 644 haudrnulto

142 695 269 771 lenius,
291 717 395 779 quam
416 709 492 759 ante
512 698 651 770 fecerat,
667 695 869 779 judicantem
881 694 1056 773 Horatium
1070 697 1157 762 vide-

141 835 229 878 mus.
254 813 411 881 Universa
427 813 516 878 enim
528 812 678 891 dixerat,
702 826 781 877 erat
794 813 1158 900 quodtollmoeller:

140 930 200 997 hic
220 932 322 1007 addit,
342 955 440 1018 saepe
454 932 651 995 trutanam
664 932 945 1018 plurotollmdo
957 934 1161 1021 relinquen·

139 1050 210 1117 «lte.
256 1048 320 1115 Sed
350 1051 497 1115 concedit
522 1064 637 1116 contra
656 1052 873 1116 limatiorem
892 1053 988 1118 fuisse
1010 1075 1077 1118 non
1098 1076 1155 1119 so·

139 1174 214 1234 lum
231 1191 332 1254 quam
356 1171 522 1235 semorum
545 1173 719 1253 poiitarum
736 1171 893 1247 turham,
915 1194 1033 1237 verum
1055 1175 1155 1237 etiam

139 1308 244 1373 quam
261 1289 438 1371 exspectari
462 1289 618 1372 potuisset
638 1312 657 1354 a
677 1290 795 1355 satirae
815 1303 958 1358 anctore.
991 1291 1066 1356 Iino
1079 1314 1158 1358 vero

139 1406 330 1473 uberiorem
361 1409 492 1472 laudem
526 1408 631 1473 eidem
662 1408 799 1487 tribuit,
826 1409 987 1497 perfecta
1015 1410 1053 1474 in
1087 1413 1155 1496 ejus

138 1526 346 1610 poimatibus
359 1528 447 1591 haud
471 1526 645 1592 desiderari
665 1530 854 1606 ostendens,
873 1531 1021 1615 quamvis
1033 1530 1157 1596 obruta

137 1658 244 1710 essent
261 1648 349 1710 faece
369 1659 403 1710 et
423 1645 602 1732 quisquiliis
615 1691 624 1722 ,
637 1647 756 1731 quihus
780 1649 831 1712 vel
851 1646 979 1730 opti-ma
996 1652 1160 1715 lutulenta·

137 1765 232 1829 reddi
254 1776 403 1848 oporteat
426 1778 459 1829 ct
481 1786 592 1829 cursus
614 1766 696 1830 liber
714 1766 922 1849 impediatur.

183 1885 372 1968 Antequam
392 1887 433 1953 ad
456 1898 563 1948 cetera
580 1884 697 1948 Lucilii
710 1885 786 1950 vitia
803 1885 992 1962 veniamus,
1013 1900 1158 1968 superest

139 2017 179 2068 ut
196 2016 339 2079 constet,
364 2003 445 2088 quid
456 2025 568 2068 causae
580 2002 732 2068 Horatius
744 2002 976 2070 existimaverit
987 2005 1083 2069 fuisse
1095 2027 1155 2071 cur

134 2123 193 2187 ille
229 2144 296 2186 non
321 2124 483 2206 majorem
504 2143 621 2188 curam
645 2144 683 2186 ao
703 2121 909 2209 diligentiam
929 2124 964 2188 in
980 2124 1159 2190 scribendo

136 2237 357 2327 praestitisset.
403 2239 478 2325 Qua
500 2243 541 2306 dc
560 2263 597 2305 re
615 2241 660 2306 sic
680 2242 832 2325 primum
852 2242 1019 2326 exposuit:

453 2363 624 2450 -piger
639 2360 815 2426 scribendi
829 2360 932 2449 forre
956 2362 1128 2438 lahorem,

193 2477 377 2546 Salutem?
399 2491 505 2555 recte,
527 2504 629 2557 nam,
653 2493 694 2545 ut
713 2481 885 2556 multum,
906 2481 965 2545 att
981 2504 1109 2545 moror.

136 2599 313 2665 Diotandi
332 2620 460 2664 morem
474 2600 592 2665 Lucilii
606 2599 720 2675 luisse,
742 2602 841 2683 paulo
857 2613 932 2664 aute
948 2621 1152 2666 memorave-

134 2732 207 2796 rat,
229 2742 267 2785 ao
287 2722 422 2785 fortasse
443 2718 795 2802 Metrophanem,
820 2720 1028 2783 columellam
1047 2740 1153 2795 suam,

136 2851 274 2924 propter
302 2837 441 2922 probata
463 2837 499 2901 in
526 2839 588 2902 hac
607 2857 707 2920 opera
729 2834 834 2902 officia
857 2836 1066 2901 meritissimo
1086 2838 1155 2921 epi·

135 2957 253 3041 taphio
280 2956 454 3021 honoravit
481 2955 616 3040 potat
660 2953 731 3021 Mos
759 2967 869 3020 autem
902 2955 957 3020 ille
989 2954 1037 3020 sic
1057 2957 1152 3022 unice

137 3075 352 3142 conveniebat
379 3075 548 3161 ingentem
567 3095 722 3140 versuum
753 3074 823 3140 rim
846 3074 1037 3141 brevissimo
1060 3089 1151 3141 tcm-

135 3217 217 3279 pore
237 3195 413 3272 fundenti,
440 3204 564 3261 utnon
587 3194 713 3259 mirum
734 3195 778 3259 sir
793 3193 955 3260 scribendi
971 3217 1101 3262 moram
1126 3197 1154 3261 ei

135 3315 345 3399 displicuisse.
387 3311 500 3398 Quare
519 3312 666 3400 fugiebat
684 3314 912 3397 scriptionem,
936 3328 1014 3390 aut,
1025 3315 1050 3379 si
1074 3316 1154 3400 quid

135 3433 238 3498 literis
257 3431 445 3508 mandabat,
468 3432 570 3496 nihilo
591 3431 750 3496 sedatiore
766 3432 877 3496 animo
897 3433 948 3496 vel
968 3445 1080 3497 mente
1104 3433 1153 3497 in-

134 3550 274 3617 tentiore
289 3549 491 3615 elaborabat..
521 3547 584 3615 sed
604 3552 692 3613 unda
710 3550 792 3613 illud
810 3548 969 3614 scribendi
984 3549 1156 3630 taedium,

134 3673 226 3756 quod
256 3670 403 3736 sedulam
439 3668 708 3753 compositionem
732 3669 867 3735 tollebat
890 3683 923 3735 et
948 3671 1160 3757 garrulitatis,

134 3787 277 3856 afficiens
297 3789 396 3854 crat?
430 3789 538 3879 Rogat
555 3786 726 3857 Horatius:

137 4031 418 4044 m

173 4186 185 4222 r
224 4164 291 4220 vid.
310 4185 389 4236 supra
412 4188 441 4238 p.
463 4171 509 4225 61.
