2580 4756
665 340 730 400 312

238 516 304 582 Sed
317 522 387 580 eive
409 521 609 605 armigerae
630 513 746 580 rident
772 515 972 607 Tritonidis
994 537 1115 591 aroer,

235 634 301 702 Seu
325 611 593 700 lacedaemonio
618 636 727 699 tellus
753 635 917 700 habitato
940 636 1082 713 oolono,

144 788 150 795 ·
235 752 462 842 Sirenumque
479 754 622 831 domus,
647 753 702 818 det
720 757 858 841 primos
880 753 1038 818 uersibus
1061 777 1195 830 annos,

235 873 498 962 Maeoniumque
522 873 617 937 hibat
631 873 741 960 felici
758 886 893 959 pectore
917 871 1083 960 fontem:
1114 846 1117 852 Δ

234 992 318 1059 Moe
341 1009 393 1072 et,
416 992 594 1059 Soorutioo
611 995 740 1080 plenae
760 1016 888 1082 grege,
913 1005 1023 1057 mutet
1049 994 1205 1057 habenae

233 1114 339 1178 Liber
359 1127 390 1177 et
413 1117 571 1203 ingentis
594 1116 736 1200 quatiat
755 1113 996 1204 Demosthenis
1021 1136 1139 1176 orma.

232 1232 325 1298 Hine
346 1232 505 1297 Romano
528 1256 652 1296 rnanus
675 1231 918 1316 circumfluat„
930 1244 963 1295 et
977 1232 1077 1296 modo
1092 1229 1205 1316 Graio

233 1349 439 1416 Exonerata
456 1375 537 1416 sono
560 1363 668 1415 mutet
689 1349 825 1437 suffuso
847 1373 1028 1438 saporem:

232 1470 414 1534 Interdum
438 1469 607 1534 subducta
624 1469 710 1557 foro
732 1469 787 1533 det
804 1473 944 1558 pagine
966 1492 1137 1547 cursum,

231 1587 283 1652 Et
298 1588 453 1675 fortuna
473 1602 566 1653 sonet
584 1590 689 1653 celeri
712 1588 883 1660 discincto
904 1603 1032 1654 meatu.

171 1748 181 1757 -
228 1706 320 1772 Dent
337 1708 476 1793 epulus,
501 1720 532 1771 et
555 1707 668 1784 bello,
695 1710 795 1804 truci¹
814 1721 1006 1775 memoratu
1031 1731 1179 1774 canore.-

230 1825 457 1914 Grondioque
476 1826 644 1891 indomiti
666 1796 848 1891 Ciceronis
857 1827 958 1891 uerba
978 1832 1148 1894 minetur.

227 1945 296 2011 His
322 1950 482 2010 animum
503 1948 667 2034 succinge
688 1947 807 2023 honio,
824 1948 884 2010 'oio
896 1945 1052 2032 flumine
1079 1949 1179 2037 largo

231 2065 384 2143 Plenus,
410 2065 534 2130 Pierio
558 2063 721 2153 defundes
743 2066 1039 2159 pertoreoerbu1.
1067 2083 1070 2088 ·

181 2183 254 2248 Non
276 2208 351 2249 sanc
376 2198 555 2260 constat,a
587 2171 779 2249 choliambis
799 2186 1120 2277 adlhexametros
1143 2188 1199 2252 Pe·

183 2301 329 2365 tronium
354 2302 469 2364 Lucilii
490 2301 672 2365 imitatione
685 2302 857 2376 transiisse:
882 2303 1087 2397 uiderienim
1101 2301 1202 2390 potest

184 2421 396 2488 acerbitatem
423 2433 552 2484 tantum
578 2420 783 2518 Lucilianum
807 2407 990 2505 exprimere
1009 2423 1190 2490 voluisseut

181 2542 326 2607 carmine
347 2543 434 2625 quod
456 2512 614 2605 sentiebat
632 2543 808 2615 effundere.
833 2540 959 2605 Verum
973 2555 1119 2627 utroque
1131 2564 1194 2609 mo·

182 2661 224 2723 do
248 2682 324 2724 eum
348 2673 497 2724 secutum
522 2681 585 2724 esse
609 2659 725 2723 veteris
743 2664 858 2742 poetae
872 2650 1090 2751 'exemplum
1118 2683 1197 2743 pro-

182 2778 322 2843 babilius
347 2792 405 2843 est.
441 2779 587 2843 Fortasse
611 2779 709 2845 etiam
732 2778 947 2874 disticha,
973 2782 1065 2864 eujus
1093 2801 1195 2844 unum

181 2912 334 2977 tantum,
358 2889 579 2981 Metrophanis
605 2870 811 2982 epitaphium
826 2897 862 2976 2,
887 2897 1034 2986 legitur,
1058 2901 1093 2964 in
1112 2903 1195 2986 frag·

181 3020 300 3084 mentis
321 3021 418 3102 plura
440 3020 552 3082 latent.
580 3015 676 3082 Certe
696 3017 830 3082 Ausonii
845 3016 884 3083 V
881 3017 993 3082 illula
1006 3065 1016 3095 ,
1030 3022 1119 3104 quod
1132 3019 1196 3083 Lu·

182 3139 299 3204 ciliano
332 3140 416 3222 stylo
453 3111 623 3200 exaratum
663 3137 867 3218 poematium
899 3158 963 3202 esse
995 3139 1136 3225 uidimus
1164 3138 1195 3216 3,

181 3256 322 3322 distichis
360 3255 580 3338 compositum
613 3267 722 3319 totum
758 3267 821 3320 est:
856 3256 892 3320 in
926 3277 993 3341 quo
1014 3260 1122 3351 fateor
1144 3279 1196 3322 me

181 3377 304 3442 nescire
330 3375 410 3461 quid
425 3374 589 3471 Lucilium
613 3375 716 3459 sapiat
738 3388 868 3459 praeter
888 3379 944 3439 has
965 3366 1105 3463 figuras:

227 3494 388 3560 Paruum
410 3467 645 3589 herediolum,
665 3493 808 3581 fateor:
832 3493 895 3589 sed¹
913 3493 1020 3584 nullo
1034 3474 1119 3582 fuit
1140 3517 1194 3559 ree

240 3612 386 3742 ffiroa
409 3636 562 3701 unquam
577 3616 856 3702 aequanimis,
869 3612 954 3686 udde
966 3616 1074 3678 etium
1098 3635 1193 3679 una·

186 3821 463 3838 m

1005 3736 1150 3800 nimir.

218 3917 230 3952 1
273 3897 392 3950 Sotirio.
407 3915 432 3949 c.
449 3897 475 3952 5.
496 3903 640 3955 Bruncit
657 3904 775 3956 Aattol.
796 3907 866 3981 leat.¹
882 3902 945 3969 ΙΙΙ,
964 3921 1026 3974 127,
1046 3903 1107 3957 128.

216 4015 233 4051 α
269 3995 338 4060 Sup.
358 3996 451 4061 p.61,
473 4000 531 4051 128.
836 3991 840 3999 ’

216 4096 233 4148 5
268 4113 298 4162 p.
316 4110 375 4164 ¹29·
