2580 4756
702 399 745 460 tt

229 578 374 644 trimenti
406 575 572 642 attulerint
600 575 719 640 civitati
749 573 930 650 Romanae,
961 587 1123 660 quantum
1137 596 1229 658 prae·

223 697 390 781 pararint,
414 717 482 759 non
504 693 680 758 obscurum
703 706 749 758 est
771 693 939 757 historiam
961 693 1028 776 ejus
1038 715 1230 779 persequen-

223 816 327 881 tibus.
350 834 353 837 ’
373 813 487 881 Unum
502 812 619 878 vitium
642 811 863 896 plurimorum
885 814 956 877 fons
979 812 1064 890 suit,
1088 813 1228 879 avaritia.

230 933 278 999 Ne
299 934 360 999 alia
382 934 512 997 aliunde
528 935 678 1015 exempla
698 931 912 1016 conquiram,
936 953 1019 1016 quae
1042 933 1132 997 varia
1154 952 1227 1014 sup-

224 1065 367 1139 petunt,
388 1052 462 1117 satis
484 1051 545 1116 erit
567 1050 751 1126 recordari,
774 1053 882 1134 quales
905 1050 1049 1114 militum
1072 1049 1228 1122 moresiu

231 1170 386 1255 Scipionis
409 1169 621 1235 Numantiam
641 1168 814 1233 obsidentis
837 1169 946 1233 castris
969 1168 1131 1234 fueri11t¹.
1163 1167 1229 1232 Ho-

223 1313 308 1357 -rum
333 1293 403 1375 jam
423 1291 675 1353 adolescentulus
697 1287 784 1352 testis
802 1289 925 1365 factus,
947 1309 1097 1378 praesens
1119 1287 1228 1353 deinde

229 1411 356 1476 Romae
391 1429 525 1472 morum
548 1409 769 1489 corruptelam
791 1407 964 1492 coguovit,
986 1429 1047 1471 nec
1068 1409 1226 1471 sanemi-

220 1537 347 1595 ''uorem
371 1539 520 1610 expertus
551 1537 608 1605 est,
626 1546 727 1609 quam
747 1524 834 1590 Titio
847 1525 967 1590 oratori
980 1526 1083 1590 ristun
1097 1525 1178 1591 etab
1190 1547 1226 1591 eo
1251 1527 1255 1533 ’

220 1647 463 1714 adumbratam
481 1645 632 1710 vidimus.
654 1642 806 1727 Superest
822 1666 861 1707 ex
888 1646 955 1728 ejus
977 1645 1102 1728 scriptis
1119 1646 1226 1723 locus,

219 1767 289 1833 ubi
317 1766 439 1851 pariter
462 1763 546 1830 vitae
569 1783 691 1851 genus,
715 1766 810 1848 quale
831 1762 987 1828 Romanis
1016 1784 1054 1829 eo
1087 1778 1225 1848 tempore

233 1887 312 1964 fuit,
335 1885 504 1968 depictum
529 1896 597 1948 est:

221 2030 222 2034 ¹
275 1999 378 2069 Nuus
400 2023 478 2064 uero
496 2023 518 2064 u
529 2022 630 2064 morte
642 1998 690 2064 ad
702 2009 842 2076 uoetem,
856 1999 952 2087 sesto
965 2000 1223 2088 atqueprofesto

278 2121 384 2186 Totus
402 2123 485 2184 item
493 2123 701 2206 pariterque
717 2118 801 2196 dies,
822 2121 1040 2207 populataque
1050 2131 1228 2209 putresque

276 2238 420 2304 Jaetare
442 2235 623 2323 induforo
643 2260 678 2300 se
699 2260 821 2313 omues,
834 2238 984 2304 decedere
1002 2261 1183 2326 nusquam,

278 2356 350 2423 Uni
372 2381 407 2420 se
427 2368 529 2443 utque
550 2356 657 2421 eidem
676 2357 793 2421 studio
809 2381 920 2424 omues
933 2359 1049 2424 dedere
1066 2365 1204 2429 torti:
1257 2389 1259 2394 ·

278 2475 317 2545 V
314 2475 395 2541 erbo
412 2474 496 2538 dore
514 2485 554 2538 ut
577 2487 674 2539 caute
689 2479 849 2562 possint,
866 2501 1031 2567 pugnare
1054 2478 1158 2543 dalcae
1168 2505 1184 2560 ,-

275 2595 468 2661 Blandum
491 2606 645 2672 certare,
671 2595 794 2660 bouum
808 2598 979 2661 simulare
1000 2601 1106 2661 uirum
1123 2620 1183 2678 ae,

212 2747 217 2777 z
277 2714 437 2782 lusidius
452 2715 574 2803 faeere
588 2761 596 2791 ,
609 2725 650 2778 ut
662 2717 698 2779 aa‘
709 2715 820 2779 hostes
832 2719 906 2779 siut
918 2716 1064 2780 omuibus
1074 2739 1189 2782 omues
1198 2719 1224 2784 ².

216 2872 224 2883 ·
277 2834 418 2898 Abunde
443 2833 605 2920 igiturex
634 2833 686 2911 iis,
714 2853 797 2919 quae
818 2833 1078 2911 memoravimus,
1101 2834 1225 2902 iudiciis

232 2963 331 3036 atque
361 2952 515 3033 exemplis
538 2963 647 3034 patet,
670 2973 736 3036 quo
754 2952 888 3035 publico
910 2953 1088 3038 privatoque
1110 2974 1225 3020 rerum

217 3121 223 3138 ,ι
233 3069 459 3134 Romanarum
484 3083 570 3134 statu
605 3069 748 3134 Lucilius
775 3072 925 3135 floruerit
952 3084 985 3136 et
1010 3073 1110 3156 quarti
1128 3095 1225 3157 prae-

234 3189 340 3279 dicata
365 3189 432 3270 ejus
468 3187 510 3250 ab
533 3185 668 3252 Horatio
703 3188 806 3253 virtus
840 3191 1038 3256 aestimanda
1054 3190 1095 3255 sit
1117 3195 1223 3263 nohis.
1256 3257 1263 3274 ,

226 3305 377 3386 ¹Tametsi
407 3326 484 3369 vero
513 3307 602 3370 haud
633 3318 756 3370 temere
790 3306 825 3371 in
857 3309 941 3372 hauc
974 3309 1157 3375 induamur
1184 3316 1224 3380 de

234 3428 304 3511 ejus
321 3425 428 3499 indole
451 3424 658 3507 opinionem,
682 3425 830 3491 minuere
850 3438 962 3491 tamen
984 3450 1053 3492 eam
1061 3449 1100 3494 ac
1108 3432 1224 3499 tollere

235 3546 437 3610 contrarium
475 3545 604 3610 videtur
637 3547 677 3608 de
703 3547 770 3630 ejus
788 3548 922 3634 pietate
945 3548 1102 3630 judieim.
1148 3551 1224 3638 Quo

236 3666 370 3750 quidem
396 3664 539 3730 destituti
557 3663 730 3748 principio
760 3679 798 3730 ut
816 3665 955 3730 neminis
979 3667 1064 3732 vitan
1087 3671 1222 3738 laudare

216 4057 217 4061 Ἰ
271 3999 288 4058 ΔιΔ
316 3981 413 4058 βαρη
430 3998 459 4049 p.
477 3979 519 4034 15.
539 3981 647 4035 Adeunt
662 3983 694 4036 A
697 4001 720 4054 p
727 3985 771 4054 pi
783 4002 897 4037 auum
913 3985 961 4055 qui
978 3936 1086 4054 pinibus
1096 3960 1219 4047 haecte-

237 4080 331 4149 cipere
347 4078 468 4147 cupiunt·

271 4193 289 4232 2
323 4179 435 4231 Boot·
452 4180 527 4236 Istat.
547 4179 613 4233 Dia.
632 4177 671 4243 V,
683 4199 715 4252 9·
793 4243 796 4246 ,
