2580 4756
605 319 667 378 145
844 363 854 392 ,

140 503 222 566 licat
244 497 395 567 Lucilius
411 516 487 560 cum
510 494 576 558 ait:
602 495 724 580 agipes
749 513 857 556 vorem
876 495 1019 555 mitiore
1033 495 1164 577 coepit,

139 618 201 702 qui
221 618 267 682 ita
299 616 483 699 appellatur
496 649 549 676 -.
565 632 582 671 »
620 611 842 679 «Carinum
874 612 962 693 apud
996 611 1161 674 Lucilium

138 739 270 802 vairam
292 732 463 819 significat.
478 749 495 790 n
508 767 554 777 —
579 725 834 795 «Noctilucam
858 727 1000 791 Lucilius
1019 748 1096 791 cum
1109 727 1163 789 di-

139 854 190 919 xit
213 856 237 918 1.
267 851 318 926 II,
354 849 552 914 obscaenum
586 847 822 933 significat-.
846 864 865 906 ›>
912 870 929 914 a
958 843 1163 911 Verticulas

139 993 221 1036 cum
241 968 322 1034 dixit
337 967 501 1042 Lucilius,
529 965 683 1043 articulos
706 963 844 1050 intelligi
867 963 1012 1029 voluit.»
1060 964 1161 1028 Acce-

140 1091 227 1153 dunt
252 1108 336 1171 quae
359 1107 399 1150 ex
420 1083 572 1172 glossario
583 1082 1016 1148 LabbaeiDousaexhibuit:
1042 1083 1161 1167 Aqui-

141 1207 236 1280 lum,
261 1203 383 1287 μέλαν,
408 1205 450 1276 ὥς
473 1199 674 1275 Λουκίλλιος.
697 1237 744 1248 -
769 1197 971 1275 Guliiocue,
999 1197 1159 1273 Gulioca‚

138 1327 343 1409 καρυοτόμια.
369 1319 536 1386 Gulliocac
559 1325 661 1405 κάρυα
682 1323 787 1404 μακρὰ
809 1322 896 1403 παρὰ
908 1315 1102 1399 Λουκιλλίῳ.
1115 1354 1161 1366 -—

137 1442 354 1521 Mutorrium,
378 1444 645 1527 προβασκάντιον,
669 1442 712 1513 ὡς
734 1435 1047 1511 Λουκίλλιο;.-Ει
1071 1438 1161 1522 glos·-

138 1561 226 1626 sario
248 1559 275 1623 F
277 1559 411 1625 ornerii:
437 1558 598 1646 Tangere,
613 1556 720 1623 urai.
747 1555 872 1620 Ennius
896 1556 930 1618 in
944 1552 1071 1629 XVIII,
1088 1555 1160 1618 Lu-

138 1679 232 1744 cilius
259 1679 294 1740 in
316 1676 469 1742 XXIII¹.
503 1675 673 1741 Praeterea
695 1675 901 1740 memorandi
923 1684 1027 1736 essent
1046 1693 1157 1756 gram-

137 1797 250 1862 matici
272 1810 304 1861 et
326 1794 566 1881 lexicographi,
591 1815 672 1879 quos
696 1807 821 1859 constat
840 1795 1025 1877 plurimum
1046 1800 1080 1862 in
1097 1800 1159 1862 suis

134 1915 250 1982 studiis
271 1914 386 1979 Lucilii
403 1911 602 1978 carminibus
625 1933 697 1976 usos
720 1934 795 1976 esse.

181 2033 394 2098 Pervenimus
417 2033 458 2094 ad
480 2028 689 2094 luvenalis
713 2042 873 2113 tempora.
898 2031 1003 2117 Hujus
1023 2040 1157 2117 poetae,

136 2173 239 2236 quem
272 2151 343 2233 jam
378 2146 608 2224 adhibuimus,
640 2148 680 2210 de
709 2146 835 2213 Lucilio
855 2153 966 2214 locum
988 2154 1081 2236 juvat
1096 2154 1157 2217 ite·

138 2291 219 2334 rum
244 2267 446 2332 describere:

181 2387 279 2451 Ense
295 2386 390 2450 velut
412 2387 538 2450 stricto
561 2377 695 2473 quoties
712 2386 877 2452 Lucilius
898 2391 1024 2454 ardens

181 2505 398 2592 Infremuit,
423 2503 522 2568 rubet
542 2505 706 2582 auditor,
729 2510 788 2570 cui
800 2507 953 2594 frigida
977 2532 1071 2572 mens
1086 2521 1155 2586 est,

181 2623 420 2698 Criminibus,
445 2624 558 2691 tacito
580 2622 709 2686 sudant
725 2624 934 2708 praecordia
953 2624 1096 2710 culposs.

135 2742 300 2825 Perquarn
325 2740 406 2803 mihi
429 2722 643 2804 memorabile
666 2741 818 2816 videtur,
843 2743 991 2824 quodue
1014 2740 1153 2805 audito-

134 2885 174 2926 re
206 2863 268 2924 hoc
296 2863 368 2923 loco
391 2878 499 2923 sermo
523 2871 592 2934 cst,
623 2870 660 2921 ut
684 2858 786 2922 mirer
809 2862 905 2942 plane
928 2860 1010 2924 illud
1033 2862 1150 2948 fugisse

133 2978 329 3062 interpretes
341 2977 369 3041 3.
416 2975 632 3062 Cognoscitur
656 2977 744 3040 enirn
763 2977 857 3053 hinc,
880 2991 984 3043 aetate
1007 3002 1073 3065 qua
1090 2981 1149 3044 flc-

134 3097 203 3162 ruit
238 3094 418 3170 Iuvenalis,
451 3093 582 3177 publice
600 3093 728 3157 recitari
753 3093 868 3159 Lucilii
894 3097 1041 3161 carmina
1068 3119 1150 3162 con-

131 3215 280 3280 suevisse.
326 3211 436 3296 Quare
453 3233 571 3295 operae
593 3212 739 3294 pretium
758 3226 805 3278 est
819 3212 973 3301 indagare
987 3236 1053 3301 quo
1065 3231 1149 3281 tem·

99 3347 105 3355 '
132 3355 215 3418 pore
247 3333 301 3396 ille
332 3353 402 3395 mos
438 3331 621 3396 invaluerit.
669 3331 740 3415 Ipse
776 3333 910 3417 quidem
936 3340 1033 3416 posita
1056 3335 1147 3399 illam

164 3546 176 3584 ι
215 3527 353 3582 Lucil.
369 3528 480 3598 inafr.
500 3529 560 3589 162,
581 3527 642 3588 163,
666 3543 723 3596 ¹77·
744 3529 859 3596 Frugm.
878 3527 996 3589 XXIII,
1011 3530 1028 3582 5
1043 3570 1047 3575 .
1064 3535 1149 3583 For.

108 3637 239 3691 ·tusp.
260 3643 314 3680 απ,
334 3625 386 3685 50,
407 3625 466 3676 558.
487 3623 539 3674 Ed.
556 3623 640 3680 Mill.

168 3744 184 3777 2
220 3721 326 3789 suno
355 3725 389 3791 89

166 3821 184 3872 ὅ
214 3821 253 3874 Λ.
269 3823 301 3872 G.
318 3798 423 3872 llein
437 3821 510 3888 disp.
522 3821 556 3871 de
566 3821 650 3870 Rom.
667 3819 775 3870 Satiris
789 3817 831 3869 III
845 3836 871 3884 p.
884 3836 898 3886 7
911 3822 995 3872 verbe
1007 3821 1148 3876 Iuvenalis

133 3918 167 3970 sd
179 3917 283 3971 Lucilii
304 3917 370 3968 adeo
389 3924 501 3968 celarem
514 3917 658 3968 revocavit.
680 3914 789 3970 «llanrl
809 3917 865 3966 scio
884 3934 916 3967 nn
935 3915 1146 3988 Jrrsrnaliss‘pr.

135 4021 219 4076 rutel,
248 4032 310 4066 suas
328 4014 423 4065 satiras
443 4012 614 4068 lamamuim
632 4015 659 4074 in
679 4015 781 4063 animos
799 4010 939 4064 babilinus
958 4033 1034 4076 csse,
1056 4036 1145 4086 quen-

136 4121 188 4165 tcm
208 4112 313 4165 Lucilii
332 4113 427 4164 seliros
446 4109 462 4160 Ιι
476 4113 517 4160 o'b
532 4130 546 4160 n
559 4111 565 4158 i
580 4128 615 4161 ss
629 4128 641 4158 e
661 4112 712 4160 sibi
733 4118 910 4175 persuaserat.
921 4099 939 4159 ¹o

644 4184 684 4243 10
