2580 4756
628 307 694 371 284

135 497 260 547 tactum
277 481 408 547 Graecis
432 501 565 546 carmen
589 481 725 546 Horatio
744 481 962 552 dictumesse.
987 483 1147 550 Memorat

135 599 366 665 Chaeremonis
389 598 619 675 Centaurum,
643 602 733 683 quod
755 619 890 663 carmen
903 599 1071 666 Graecum
1083 617 1149 668 erat

135 718 225 781 omni
259 730 445 781 metrorum
470 738 588 803 genere
617 717 855 798 compositum
891 720 1148 806 technopaegniu

135 832 433 900 Alexandrinorum
447 880 457 910 ‚
483 834 517 898 in
531 833 646 917 primis
659 854 736 897 vero
753 833 921 897 Theocriti
933 835 1056 920 idyllia,
1069 860 1148 922 quae

136 973 213 1014 cum
241 951 396 1015 Ennianis
421 949 526 1015 satiris
551 964 680 1033 praeter
704 948 924 1032 inscriptionis
953 953 1147 1039 ambiguita-

136 1081 204 1131 tem
233 1065 316 1132 illud
345 1088 479 1152 quoque
501 1087 679 1132 commune
704 1066 1146 1155 hebe1·eperhibuit‘,qu0d

136 1206 203 1249 non
222 1190 329 1250 solum
351 1198 626 1272 argumentorum
649 1187 704 1248 sed
729 1185 827 1248 etiarn
850 1206 1074 1251 numerorum
1093 1212 1144 1253 vu-

135 1302 250 1367 rietate
274 1304 419 1366 mixtum
443 1303 568 1366 librum
592 1301 769 1378 exhibent,
799 1303 994 1368 tumetium
1024 1305 1141 1387 Menip-

136 1441 218 1502 pum
245 1418 467 1483 Gadarensem
502 1417 666 1504 Cynicum
680 1418 706 1483 1.
754 1417 842 1482 Haec
871 1420 1060 1485 testimonia
1079 1423 1140 1486 satis

134 1558 298 1620 superque
332 1538 552 1619 persuadent,
586 1535 790 1600 Graecorum
812 1536 1055 1619 exemplarium
1078 1538 1139 1600 imi·

137 1655 257 1719 tutione
282 1655 429 1718 Ennium
447 1655 582 1719 satiram
603 1653 763 1737 scripsisse
787 1653 878 1718 vario
898 1667 1010 1719 metro
1022 1655 1138 1721 distinc-

136 1786 218 1838 tam.
242 1770 306 1837 Sed
324 1772 596 1837 Theocriteorum
618 1772 743 1836 mentio
763 1770 863 1836 simul
883 1777 1066 1856 persuadet,
1077 1776 1136 1836 infi-

136 1891 241 1954 nilum
265 1903 553 1979 urgurueutorum
565 1891 631 1954 sive
644 1893 845 1976 poiimatum
858 1891 1052 1955 varietatem
1063 1893 1133 1954 haud

137 2009 246 2080 minus
266 2007 397 2074 Graecis
411 2023 524 2073 notam
547 2008 654 2073 fuisse.
681 2007 751 2072 Huc
767 2008 868 2094 igitur
881 2009 1028 2091 priscum
1039 2009 1133 2073 satiras

138 2149 240 2211 genus
273 2140 341 2203 est,
377 2130 467 2210 quod
490 2150 509 2191 a
537 2127 685 2193 Varrone
708 2147 775 2191 non
795 2129 863 2191 sola
883 2126 1132 2191 carminumu·

137 2241 252 2305 rietate
277 2241 423 2307 mixtum
442 2245 612 2308 conditum
634 2267 698 2308 esse
724 2243 946 2328 Quintilianus
967 2243 1106 2328 prodidit.

165 2599 185 2660 ἰ
225 2599 252 2649 p.
272 2597 316 2646 22,
335 2580 380 2633 41.
