2580 4756
617 381 657 441 lb

132 557 228 623 facile
251 554 396 633 habebo,
420 556 477 640 qui
500 555 600 620 verba
622 554 761 621 Sallustii
781 568 925 640 reputet:
951 556 1029 625 «Ea
1046 570 1136 624 tem-

131 687 257 758 pestate
279 673 314 737 in
337 673 480 739 exercitu
496 686 608 738 nostro
630 676 721 739 luere
741 677 924 759 complures
942 677 1133 761 'noviatque

132 792 277 869 nobiles,
296 791 414 878 quibus
429 792 558 859 divitiae
570 792 657 857 bono
668 794 865 878 honestoque
875 794 1015 877 potiores
1027 808 1134 871 erant,

131 911 275 988 factiosi,
298 911 388 976 domi
408 924 575 995 potentes,
599 913 686 994 apud
707 912 808 976 socios
831 912 907 977 clari
920 913 1021 1000 magis
1034 935 1134 998 quam

134 1029 284 1107 honesti,
308 1030 365 1115 qui
387 1028 568 1117 Jugurthae
591 1051 658 1094 non
679 1030 877 1096 mediocrem
899 1033 1048 1096 animum
1060 1035 1138 1116 pol·

135 1149 294 1215 licitando
316 1149 553 1227 accendebant,
577 1150 602 1213 si
628 1148 760 1233 Micipsa
776 1172 832 1215 rex
844 1152 1022 1229 occidisset,
1047 1154 1136 1229 tore,

135 1268 188 1332 uti
218 1270 302 1332 solus
324 1267 463 1350 imperio
484 1265 655 1331 Numidiae
677 1267 857 1350 potiretur:
881 1267 917 1331 in
939 1268 1007 1351 ipso
1029 1269 1148 1333 maxi-'

133 1410 229 1453 mam
253 1387 421 1460 virtutem,
445 1387 572 1454 Romae
580 1387 691 1452 omnia
703 1388 827 1455 venalia
844 1409 908 1453 esse
920 1387 928 1450 l
942 1408 961 1450 »
976 1388 1001 1453 l.
1033 1387 1136 1472 Hujus

136 1508 265 1595 generis
276 1507 422 1572 homines
438 1507 627 1590 praesertim
647 1528 793 1573 amaram
811 1507 929 1572 Lucilii
944 1508 1137 1572 derisionem

133 1625 218 1710 passi
254 1627 407 1693 dicuntur
441 1625 483 1690 ab
518 1624 670 1704 Horatio;
699 1625 749 1690 his
782 1625 961 1697 detrahere
989 1626 1136 1713 pellem,

132 1742 278 1811 nitidus
315 1767 384 1832 qua
413 1745 557 1833 quisque
586 1767 649 1832 per
681 1767 742 1810 ora
769 1743 917 1822 eederet,
941 1746 1138 1808 introrsum

139 1867 280 1952 turpia,
303 1885 397 1930 ausus
419 1876 477 1930 est.
500 1864 709 1951 Ignoramus,
731 1883 812 1927 num
825 1862 951 1929 Laelius
963 1862 1040 1932 belli
1053 1863 1136 1946 ejus-

137 1988 217 2051 dem
240 1983 343 2049 socius
364 1983 464 2048 fuerit
484 1979 640 2066 Scipioni:
666 1982 747 2047 illud
769 1996 896 2048 certum
922 1982 1138 2068 expeditioni-

136 2105 202 2169 bus
218 2104 285 2189 ejus
306 2102 504 2182 interfuisse3
529 2103 649 2167 etenim
661 2102 818 2168 militiae
839 2118 973 2188 propter
985 2102 1140 2169 eximiam

135 2222 217 2288 belli
247 2221 384 2308 gloriam
417 2219 609 2303 Africanum
644 2234 682 2286 ut
700 2223 798 2286 deum
821 2222 951 2287 coluisse
974 2235 1138 2288 narratur.

136 2339 202 2406 Sed
231 2340 299 2407 sive
319 2340 356 2405 in
368 2320 480 2405 iisdem
503 2339 613 2408 castris
632 2361 710 2405 cum
730 2340 855 2407 Lucilio
876 2354 1018 2408 versatus
1034 2354 1081 2440 est
1098 2342 1139 2407 ad

135 2460 371 2536 Numantiam,
390 2458 456 2525 sive
472 2459 597 2525 Romae
614 2480 652 2526 eo
669 2472 817 2545 tempore
836 2460 983 2538 vivebat,
998 2460 1140 2526 Lucilius

137 2601 192 2656 ea,
217 2576 380 2665 quaesibi
406 2577 441 2641 in
464 2577 610 2642 moribus
637 2578 899 2668 commilitonum
924 2580 1084 2662 carpenda
1106 2590 1139 2642 et

134 2697 385 2785 perstringenda
405 2677 617 2775 videbantur,
640 2709 673 2761 et
695 2696 794 2773 toris,
824 2695 972 2760 audiente
1001 2715 1040 2760 ac
1057 2716 1140 2779 pro-

135 2816 237 2882 bante
256 2814 423 2899 Scipione,
446 2814 543 2880 satiri
555 2814 728 2897 expressit,
753 2827 786 2878 et
797 2815 934 2879 domum
946 2814 1049 2879 redux
1062 2835 1140 2879 oum

136 2935 254 3001 Laelio
276 2933 537 3000 communicavit.
573 2931 658 3016 sed,
682 2936 788 3020 quod,
812 2933 975 2999 castrensis
997 2932 1141 3018 discipli-

134 3076 200 3120 nae
230 3065 425 3140 argumento
458 3052 527 3129 usi,
561 3052 709 3136 suspicati
738 3073 871 3130 sumus,
902 3051 989 3117 idem
1021 3051 1141 3117 diserto

136 3171 324 3238 testimonio
349 3171 537 3237 confirmari
567 3184 682 3255 potest.
726 3169 810 3237 Nam
833 3168 964 3249 Cicero,
1001 3169 1168 3236 Graecos»

136 3291 309 3373 scriptores
338 3290 482 3355 vertendi
512 3289 679 3355 consilium
702 3291 862 3372 prodens,
884 3311 943 3354 uec
965 3311 1064 3366 uero,
1084 3289 1141 3354 in·

137 3410 231 3494 quit,
263 3421 304 3472 ut
336 3414 452 3473 uester
474 3407 655 3487 Lucilius,
690 3409 849 3474 recusabo
867 3412 1049 3496 qatomiuus
1071 3431 1140 3472 em·

136 3550 198 3592 stes
220 3550 293 3592 mea
316 3527 445 3616 legera-t.
493 3525 639 3593 Utinam
669 3540 752 3592 esset
777 3529 841 3591 itta
864 3526 1011 3592 Persius
1024 3532 1038 3589 .'
1061 3523 1142 3592 Soi-

179 3860 191 3895 r
227 3849 262 3895 B.
289 3846 356 3913 Jug·
384 3845 410 3896 8.
435 3843 479 3896 Cf.
506 3846 595 3915 App.
626 3845 701 3896 Iber.
720 3843 774 3908 84,
793 3846 848 3908 85,
880 3847 926 3898 uhi
954 3845 1069 3912 plurima
1095 3847 1141 3897 vi-

139 3936 200 4002 tia,
224 3942 323 4009 ‹pribns
342 3941 483 3993 laborabat
500 3957 531 3992 eo
551 3949 671 4010 temporo
690 3941 835 4004 exercitus,
866 3945 1060 4006 strationem,
1087 3959 1140 4012 qua

138 4040 175 4090 iis
202 4038 304 4090 mederi
330 4038 424 4106 Scipio
442 4039 588 4102 studebat,
607 4038 717 4093 indicat.
747 4039 875 4107 lgrava
900 4041 1138 4108 superstitio,

140 4136 346 4188 seditiones
364 4146 389 4189 ct
401 4137 410 4186 l
420 4159 435 4190 u
444 4155 459 4186 x
469 4140 522 4189 uri
534 4156 546 4187 a
560 4139 701 4204 praecipue
714 4139 815 4190 animos
826 4139 944 4207 rnilitum
955 4138 1140 4194 debilitarant.
