<?xml version="1.0" encoding="UTF-8"?>
<!DOCTYPE html PUBLIC "-//W3C//DTD XHTML 1.0 Transitional//EN"
    "http://www.w3.org/TR/xhtml1/DTD/xhtml1-transitional.dtd">
<html xmlns="http://www.w3.org/1999/xhtml" xml:lang="en" lang="en">
 <head>
  <title>
</title>
<meta http-equiv="Content-Type" content="text/html;charset=utf-8" />
  <meta name='ocr-system' content='tesseract 3.04.00' />
  <meta name='ocr-capabilities' content='ocr_page ocr_carea ocr_par ocr_line ocrx_word'/>
</head>
<body>
  <div class='ocr_page' id='page_1' title='image "./studiacriticain00heusgoog_0165.png"; bbox 0 0 2580 4756; ppageno 0'>
   <div class='ocr_carea' id='block_1_1' title="bbox 672 328 787 428">
    <p class='ocr_par' dir='ltr' id='par_1_1' title="bbox 672 328 787 428">
     <span class='ocr_line' id='line_1_1' title="bbox 672 328 787 428; baseline 0 -37"><span class='ocrx_word' id='word_1_1' title='bbox 672 328 734 391; x_wconf 76' lang='lat'><strong>154</strong></span> <span class='ocrx_word' id='word_1_2' title='bbox 783 422 787 428; x_wconf 87' lang='lat'>.</span> 
     </span>
    </p>
   </div>
   <div class='ocr_carea' id='block_1_2' title="bbox 140 470 1213 2920">
    <p class='ocr_par' dir='ltr' id='par_1_2' title="bbox 140 470 1209 1882">
     <span class='ocr_line' id='line_1_2' title="bbox 194 470 1209 589; baseline -0.009 -13"><span class='ocrx_word' id='word_1_3' title='bbox 194 512 409 583; x_wconf 76' lang='lat' dir='ltr'><strong>inclinamus,</strong></span> <span class='ocrx_word' id='word_1_4' title='bbox 445 520 483 573; x_wconf 90' lang='lat' dir='ltr'><strong>ut</strong></span> <span class='ocrx_word' id='word_1_5' title='bbox 512 470 683 589; x_wconf 65' lang='lat' dir='ltr'><strong>pominus,</strong></span> <span class='ocrx_word' id='word_1_6' title='bbox 715 505 949 586; x_wconf 81' lang='lat' dir='ltr'><strong>interpolatum</strong></span> <span class='ocrx_word' id='word_1_7' title='bbox 974 525 1041 568; x_wconf 82' lang='lat' dir='ltr'><strong>esse</strong></span> <span class='ocrx_word' id='word_1_8' title='bbox 1072 503 1209 569; x_wconf 76' lang='lat' dir='ltr'><strong>Aesonis</strong></span> 
     </span>
     <span class='ocr_line' id='line_1_3' title="bbox 193 620 1207 707; baseline -0.006 -16"><span class='ocrx_word' id='word_1_9' title='bbox 193 633 324 701; x_wconf 81' lang='lat' dir='ltr'><strong>lotum,</strong></span> <span class='ocrx_word' id='word_1_10' title='bbox 348 626 489 707; x_wconf 81' lang='lat' dir='ltr'><strong>indeque</strong></span> <span class='ocrx_word' id='word_1_11' title='bbox 509 624 698 705; x_wconf 86' lang='lat' dir='ltr'><strong>pellendum</strong></span> <span class='ocrx_word' id='word_1_12' title='bbox 720 620 932 685; x_wconf 86' lang='lat' dir='ltr'><strong>Priscianum.</strong></span> <span class='ocrx_word' id='word_1_13' title='bbox 978 621 1065 686; x_wconf 81' lang='lat' dir='ltr'><strong>Nam</strong></span> <span class='ocrx_word' id='word_1_14' title='bbox 1088 621 1137 687; x_wconf 84' lang='lat' dir='ltr'><strong>sio</strong></span> <span class='ocrx_word' id='word_1_15' title='bbox 1159 625 1207 685; x_wconf 86' lang='lat' dir='ltr'><strong>ie·</strong></span> 
     </span>
     <span class='ocr_line' id='line_1_4' title="bbox 193 737 1208 833; baseline -0.008 -24"><span class='ocrx_word' id='word_1_16' title='bbox 193 747 303 833; x_wconf 70' lang='lat' dir='ltr'><strong>gitur:</strong></span> <span class='ocrx_word' id='word_1_17' title='bbox 338 766 357 810; x_wconf 87' lang='lat'>«</span> <span class='ocrx_word' id='word_1_18' title='bbox 377 778 422 790; x_wconf 89' lang='lat'><strong>-·</strong></span> <span class='ocrx_word' id='word_1_19' title='bbox 444 739 508 805; x_wconf 87' lang='lat' dir='ltr'><strong>Sed</strong></span> <span class='ocrx_word' id='word_1_20' title='bbox 534 741 714 804; x_wconf 86' lang='lat' dir='ltr'><strong>seeundum</strong></span> <span class='ocrx_word' id='word_1_21' title='bbox 743 738 945 804; x_wconf 77' lang='lat' dir='ltr'><strong>Priscianum</strong></span> <span class='ocrx_word' id='word_1_22' title='bbox 966 759 1105 804; x_wconf 75' lang='lat' dir='ltr'><strong>aroeseo</strong></span> <span class='ocrx_word' id='word_1_23' title='bbox 1122 737 1208 803; x_wconf 82' lang='lat' dir='ltr'><strong>venit</strong></span> 
     </span>
     <span class='ocr_line' id='line_1_5' title="bbox 194 855 1205 942; baseline -0.008 -14"><span class='ocrx_word' id='word_1_24' title='bbox 194 865 237 928; x_wconf 82' lang='lat' dir='ltr'><strong>ab</strong></span> <span class='ocrx_word' id='word_1_25' title='bbox 257 883 379 936; x_wconf 76' lang='lat' dir='ltr'><strong>arceo,</strong></span> <span class='ocrx_word' id='word_1_26' title='bbox 402 860 491 942; x_wconf 91' lang='lat' dir='ltr'><strong>quod</strong></span> <span class='ocrx_word' id='word_1_27' title='bbox 514 877 604 920; x_wconf 92' lang='lat' dir='ltr'><strong>nuno</strong></span> <span class='ocrx_word' id='word_1_28' title='bbox 628 856 768 921; x_wconf 75' lang='lat' dir='ltr'><strong>dicimus</strong></span> <span class='ocrx_word' id='word_1_29' title='bbox 792 855 912 934; x_wconf 78' lang='lat' dir='ltr'><strong>edsio,</strong></span> <span class='ocrx_word' id='word_1_30' title='bbox 935 869 968 921; x_wconf 90' lang='lat' dir='ltr'><strong>et</strong></span> <span class='ocrx_word' id='word_1_31' title='bbox 989 856 1205 940; x_wconf 74' lang='lat' dir='ltr'><strong>compositu·</strong></span> 
     </span>
     <span class='ocr_line' id='line_1_6' title="bbox 140 974 1206 1061; baseline -0.008 -16"><span class='ocrx_word' id='word_1_32' title='bbox 140 1050 144 1057; x_wconf 57' lang='grc'>,</span> <span class='ocrx_word' id='word_1_33' title='bbox 196 1003 236 1045; x_wconf 84' lang='lat' dir='ltr'><strong>ex</strong></span> <span class='ocrx_word' id='word_1_34' title='bbox 256 979 304 1043; x_wconf 85' lang='lat' dir='ltr'><strong>ad</strong></span> <span class='ocrx_word' id='word_1_35' title='bbox 322 975 558 1061; x_wconf 73' lang='lat' dir='ltr'><strong>praepositione</strong></span> <span class='ocrx_word' id='word_1_36' title='bbox 576 987 609 1039; x_wconf 87' lang='lat' dir='ltr'><strong>et</strong></span> <span class='ocrx_word' id='word_1_37' title='bbox 619 976 673 1037; x_wconf 78' lang='lat' dir='ltr'><strong>oio</strong></span> <span class='ocrx_word' id='word_1_38' title='bbox 686 974 810 1052; x_wconf 85' lang='lat' dir='ltr'><strong>verbo,</strong></span> <span class='ocrx_word' id='word_1_39' title='bbox 834 977 924 1059; x_wconf 94' lang='lat' dir='ltr'><strong>quod</strong></span> <span class='ocrx_word' id='word_1_40' title='bbox 944 987 993 1039; x_wconf 88' lang='lat' dir='ltr'><strong>est</strong></span> <span class='ocrx_word' id='word_1_41' title='bbox 1015 995 1111 1050; x_wconf 76' lang='lat' dir='ltr'><strong>voco,</strong></span> <span class='ocrx_word' id='word_1_42' title='bbox 1134 975 1206 1058; x_wconf 82' lang='lat' dir='ltr'><strong>quie</strong></span> 
     </span>
     <span class='ocr_line' id='line_1_7' title="bbox 197 1090 1206 1181; baseline -0.007 -19"><span class='ocrx_word' id='word_1_43' title='bbox 197 1096 325 1181; x_wconf 82' lang='lat' dir='ltr'><strong>antiqui</strong></span> <span class='ocrx_word' id='word_1_44' title='bbox 350 1093 502 1158; x_wconf 81' lang='lat' dir='ltr'><strong>dicebant</strong></span> <span class='ocrx_word' id='word_1_45' title='bbox 529 1113 573 1154; x_wconf 83' lang='lat' dir='ltr'><strong>or</strong></span> <span class='ocrx_word' id='word_1_46' title='bbox 606 1110 668 1174; x_wconf 89' lang='lat' dir='ltr'><strong>pro</strong></span> <span class='ocrx_word' id='word_1_47' title='bbox 690 1090 787 1156; x_wconf 79' lang='lat' dir='ltr'><strong>ad.»</strong></span> <span class='ocrx_word' id='word_1_48' title='bbox 834 1091 927 1176; x_wconf 85' lang='lat' dir='ltr'><strong>Quae</strong></span> <span class='ocrx_word' id='word_1_49' title='bbox 948 1092 1017 1175; x_wconf 82' lang='lat' dir='ltr'><strong>ipsa</strong></span> <span class='ocrx_word' id='word_1_50' title='bbox 1040 1092 1143 1157; x_wconf 85' lang='lat' dir='ltr'><strong>verba</strong></span> <span class='ocrx_word' id='word_1_51' title='bbox 1163 1091 1206 1155; x_wconf 85' lang='lat' dir='ltr'><strong>ita</strong></span> 
     </span>
     <span class='ocr_line' id='line_1_8' title="bbox 196 1208 1206 1299; baseline -0.003 -21"><span class='ocrx_word' id='word_1_52' title='bbox 196 1218 354 1299; x_wconf 75' lang='lat' dir='ltr'><strong>leguntur</strong></span> <span class='ocrx_word' id='word_1_53' title='bbox 373 1213 460 1293; x_wconf 87' lang='lat' dir='ltr'><strong>apud</strong></span> <span class='ocrx_word' id='word_1_54' title='bbox 472 1208 694 1272; x_wconf 84' lang='lat' dir='ltr'><strong>Priscianum:</strong></span> <span class='ocrx_word' id='word_1_55' title='bbox 720 1233 738 1274; x_wconf 82' lang='lat'>«</span> <span class='ocrx_word' id='word_1_56' title='bbox 754 1246 796 1263; x_wconf 89' lang='lat'><strong>·-</strong></span> <span class='ocrx_word' id='word_1_57' title='bbox 809 1209 905 1276; x_wconf 84' lang='lat' dir='ltr'><strong>Unde</strong></span> <span class='ocrx_word' id='word_1_58' title='bbox 916 1210 1117 1287; x_wconf 81' lang='lat' dir='ltr'><strong>ostenditur,</strong></span> <span class='ocrx_word' id='word_1_59' title='bbox 1137 1230 1206 1275; x_wconf 84' lang='lat' dir='ltr'><strong>rec·</strong></span> 
     </span>
     <span class='ocr_line' id='line_1_9' title="bbox 197 1324 1206 1409; baseline -0.004 -14"><span class='ocrx_word' id='word_1_60' title='bbox 197 1340 231 1395; x_wconf 83' lang='lat' dir='ltr'><strong>te</strong></span> <span class='ocrx_word' id='word_1_61' title='bbox 240 1350 374 1395; x_wconf 78' lang='lat' dir='ltr'><strong>aromo</strong></span> <span class='ocrx_word' id='word_1_62' title='bbox 386 1324 450 1391; x_wconf 84' lang='lat' dir='ltr'><strong>diei</strong></span> <span class='ocrx_word' id='word_1_63' title='bbox 462 1325 504 1390; x_wconf 86' lang='lat' dir='ltr'><strong>ab</strong></span> <span class='ocrx_word' id='word_1_64' title='bbox 516 1328 614 1389; x_wconf 80' lang='lat' dir='ltr'><strong>ereio</strong></span> <span class='ocrx_word' id='word_1_65' title='bbox 628 1325 739 1400; x_wconf 81' lang='lat' dir='ltr'><strong>verbo,</strong></span> <span class='ocrx_word' id='word_1_66' title='bbox 753 1329 842 1409; x_wconf 90' lang='lat' dir='ltr'><strong>quod</strong></span> <span class='ocrx_word' id='word_1_67' title='bbox 853 1347 944 1390; x_wconf 87' lang='lat' dir='ltr'><strong>nune</strong></span> <span class='ocrx_word' id='word_1_68' title='bbox 953 1329 1049 1391; x_wconf 68' lang='lat' dir='ltr'><strong>noeto</strong></span> <span class='ocrx_word' id='word_1_69' title='bbox 1060 1327 1206 1403; x_wconf 83' lang='lat' dir='ltr'><strong>dioimut,</strong></span> 
     </span>
     <span class='ocr_line' id='line_1_10' title="bbox 198 1442 1203 1532; baseline -0.002 -22"><span class='ocrx_word' id='word_1_70' title='bbox 198 1447 279 1532; x_wconf 88' lang='lat' dir='ltr'><strong>quia</strong></span> <span class='ocrx_word' id='word_1_71' title='bbox 299 1458 346 1509; x_wconf 88' lang='lat' dir='ltr'><strong>est</strong></span> <span class='ocrx_word' id='word_1_72' title='bbox 366 1466 405 1507; x_wconf 86' lang='lat' dir='ltr'><strong>ex</strong></span> <span class='ocrx_word' id='word_1_73' title='bbox 429 1442 477 1507; x_wconf 86' lang='lat' dir='ltr'><strong>od</strong></span> <span class='ocrx_word' id='word_1_74' title='bbox 500 1456 533 1508; x_wconf 87' lang='lat' dir='ltr'><strong>et</strong></span> <span class='ocrx_word' id='word_1_75' title='bbox 545 1446 605 1508; x_wconf 73' lang='lat' dir='ltr'><strong>oio</strong></span> <span class='ocrx_word' id='word_1_76' title='bbox 618 1444 840 1527; x_wconf 87' lang='lat' dir='ltr'><strong>oompositum</strong></span> <span class='ocrx_word' id='word_1_77' title='bbox 853 1443 878 1510; x_wconf 83' lang='lat'><strong>¹.</strong></span> <span class='ocrx_word' id='word_1_78' title='bbox 894 1463 911 1506; x_wconf 80' lang='lat' dir='ltr'><strong>u</strong></span> <span class='ocrx_word' id='word_1_79' title='bbox 937 1442 1088 1528; x_wconf 78' lang='lat' dir='ltr'><strong>Apparet</strong></span> <span class='ocrx_word' id='word_1_80' title='bbox 1110 1462 1203 1529; x_wconf 86' lang='lat' dir='ltr'><strong>quam</strong></span> 
     </span>
     <span class='ocr_line' id='line_1_11' title="bbox 197 1554 1204 1644; baseline -0.004 -14"><span class='ocrx_word' id='word_1_81' title='bbox 197 1563 337 1631; x_wconf 75' lang='lat' dir='ltr'><strong>absurde</strong></span> <span class='ocrx_word' id='word_1_82' title='bbox 360 1583 453 1626; x_wconf 79' lang='lat' dir='ltr'><strong>nuno</strong></span> <span class='ocrx_word' id='word_1_83' title='bbox 476 1562 565 1643; x_wconf 86' lang='lat' dir='ltr'><strong>apud</strong></span> <span class='ocrx_word' id='word_1_84' title='bbox 587 1561 753 1624; x_wconf 75' lang='lat' dir='ltr'><strong>doronem</strong></span> <span class='ocrx_word' id='word_1_85' title='bbox 774 1572 916 1643; x_wconf 83' lang='lat' dir='ltr'><strong>ponatur</strong></span> <span class='ocrx_word' id='word_1_86' title='bbox 931 1607 940 1636; x_wconf 93' lang='lat'>,</span> <span class='ocrx_word' id='word_1_87' title='bbox 953 1554 1043 1644; x_wconf 86' lang='lat' dir='ltr'><strong>quod</strong></span> <span class='ocrx_word' id='word_1_88' title='bbox 1060 1562 1204 1626; x_wconf 78' lang='lat' dir='ltr'><strong>festinans</strong></span> 
     </span>
     <span class='ocr_line' id='line_1_12' title="bbox 200 1676 1203 1763; baseline 0 -18"><span class='ocrx_word' id='word_1_89' title='bbox 200 1679 352 1753; x_wconf 80' lang='lat' dir='ltr'><strong>librarius</strong></span> <span class='ocrx_word' id='word_1_90' title='bbox 371 1700 439 1743; x_wconf 91' lang='lat' dir='ltr'><strong>non</strong></span> <span class='ocrx_word' id='word_1_91' title='bbox 457 1678 595 1744; x_wconf 80' lang='lat' dir='ltr'><strong>curavit.</strong></span> <span class='ocrx_word' id='word_1_92' title='bbox 630 1676 729 1742; x_wconf 88' lang='lat' dir='ltr'><strong>Haud</strong></span> <span class='ocrx_word' id='word_1_93' title='bbox 756 1677 860 1763; x_wconf 65' lang='lat' dir='ltr'><strong>igitur</strong></span> <span class='ocrx_word' id='word_1_94' title='bbox 890 1691 1016 1742; x_wconf 87' lang='lat' dir='ltr'><strong>temere</strong></span> <span class='ocrx_word' id='word_1_95' title='bbox 1043 1678 1203 1745; x_wconf 67' lang='lat' dir='ltr'><strong>doronem</strong></span> 
     </span>
     <span class='ocr_line' id='line_1_13' title="bbox 200 1795 1206 1882; baseline -0.003 -13"><span class='ocrx_word' id='word_1_96' title='bbox 200 1798 376 1869; x_wconf 79' lang='lat' dir='ltr'><strong>Charisio²</strong></span> <span class='ocrx_word' id='word_1_97' title='bbox 400 1810 433 1863; x_wconf 86' lang='lat' dir='ltr'><strong>et</strong></span> <span class='ocrx_word' id='word_1_98' title='bbox 454 1795 617 1863; x_wconf 82' lang='lat' dir='ltr'><strong>Prisciano</strong></span> <span class='ocrx_word' id='word_1_99' title='bbox 637 1797 858 1882; x_wconf 82' lang='lat' dir='ltr'><strong>antiquiorem</strong></span> <span class='ocrx_word' id='word_1_100' title='bbox 882 1799 977 1863; x_wconf 88' lang='lat' dir='ltr'><strong>fuisse</strong></span> <span class='ocrx_word' id='word_1_101' title='bbox 998 1800 1172 1865; x_wconf 83' lang='lat' dir='ltr'><strong>statuimus</strong></span> <span class='ocrx_word' id='word_1_102' title='bbox 1181 1799 1206 1866; x_wconf 76' lang='lat'><strong>3.</strong></span> 
     </span>
    </p>

    <p class='ocr_par' dir='ltr' id='par_1_3' title="bbox 199 1915 1209 2589">
     <span class='ocr_line' id='line_1_14' title="bbox 243 1915 1206 2001; baseline 0.002 -20"><span class='ocrx_word' id='word_1_103' title='bbox 243 1917 340 1981; x_wconf 88' lang='lat' dir='ltr'><strong>Plura</strong></span> <span class='ocrx_word' id='word_1_104' title='bbox 368 1915 503 1999; x_wconf 86' lang='lat' dir='ltr'><strong>quidem</strong></span> <span class='ocrx_word' id='word_1_105' title='bbox 529 1917 569 1980; x_wconf 88' lang='lat' dir='ltr'><strong>de</strong></span> <span class='ocrx_word' id='word_1_106' title='bbox 589 1918 651 1980; x_wconf 86' lang='lat' dir='ltr'><strong>hae</strong></span> <span class='ocrx_word' id='word_1_107' title='bbox 680 1915 868 1999; x_wconf 83' lang='lat' dir='ltr'><strong>quaestione</strong></span> <span class='ocrx_word' id='word_1_108' title='bbox 884 1917 1026 1999; x_wconf 81' lang='lat' dir='ltr'><strong>proferri</strong></span> <span class='ocrx_word' id='word_1_109' title='bbox 1046 1938 1138 2001; x_wconf 76' lang='lat' dir='ltr'><strong>posse</strong></span> <span class='ocrx_word' id='word_1_110' title='bbox 1159 1921 1206 1983; x_wconf 84' lang='lat' dir='ltr'><strong>de·</strong></span> 
     </span>
     <span class='ocr_line' id='line_1_15' title="bbox 199 2031 1206 2118; baseline 0.001 -19"><span class='ocrx_word' id='word_1_111' title='bbox 199 2055 305 2118; x_wconf 79' lang='lat' dir='ltr'><strong>spero.</strong></span> <span class='ocrx_word' id='word_1_112' title='bbox 352 2032 499 2101; x_wconf 89' lang='lat' dir='ltr'><strong>Ultimus</strong></span> <span class='ocrx_word' id='word_1_113' title='bbox 512 2040 528 2110; x_wconf 86' lang='lat'><strong>,&#39;</strong></span> <span class='ocrx_word' id='word_1_114' title='bbox 547 2054 650 2117; x_wconf 87' lang='lat' dir='ltr'><strong>quem</strong></span> <span class='ocrx_word' id='word_1_115' title='bbox 670 2031 823 2100; x_wconf 80' lang='lat' dir='ltr'><strong>novimus</strong></span> <span class='ocrx_word' id='word_1_116' title='bbox 852 2032 968 2098; x_wconf 81' lang='lat' dir='ltr'><strong>Lucilii</strong></span> <span class='ocrx_word' id='word_1_117' title='bbox 988 2034 1206 2102; x_wconf 84' lang='lat' dir='ltr'><strong>fecisse-men·</strong></span> 
     </span>
     <span class='ocr_line' id='line_1_16' title="bbox 200 2147 1205 2230; baseline 0.002 -16"><span class='ocrx_word' id='word_1_118' title='bbox 200 2150 344 2224; x_wconf 87' lang='lat' dir='ltr'><strong>tionem,</strong></span> <span class='ocrx_word' id='word_1_119' title='bbox 381 2147 511 2214; x_wconf 84' lang='lat' dir='ltr'><strong>videtur</strong></span> <span class='ocrx_word' id='word_1_120' title='bbox 541 2171 606 2214; x_wconf 85' lang='lat' dir='ltr'><strong>esse</strong></span> <span class='ocrx_word' id='word_1_121' title='bbox 636 2150 739 2215; x_wconf 81' lang='lat' dir='ltr'><strong>Beda</strong></span> <span class='ocrx_word' id='word_1_122' title='bbox 761 2151 1021 2217; x_wconf 85' lang='lat' dir='ltr'><strong>Venerabilis</strong></span> <span class='ocrx_word' id='word_1_123' title='bbox 1034 2151 1064 2219; x_wconf 77' lang='grc'><strong>4.</strong></span> <span class='ocrx_word' id='word_1_124' title='bbox 1096 2154 1205 2230; x_wconf 88' lang='lat' dir='ltr'><strong>Primi,</strong></span> 
     </span>
     <span class='ocr_line' id='line_1_17' title="bbox 202 2267 1207 2356; baseline 0.002 -24"><span class='ocrx_word' id='word_1_125' title='bbox 202 2267 322 2352; x_wconf 88' lang='lat' dir='ltr'><strong>quibus</strong></span> <span class='ocrx_word' id='word_1_126' title='bbox 343 2289 365 2330; x_wconf 92' lang='lat' dir='ltr'><strong>a</strong></span> <span class='ocrx_word' id='word_1_127' title='bbox 385 2267 503 2331; x_wconf 86' lang='lat' dir='ltr'><strong>renatis</strong></span> <span class='ocrx_word' id='word_1_128' title='bbox 531 2267 632 2332; x_wconf 85' lang='lat' dir='ltr'><strong>literis</strong></span> <span class='ocrx_word' id='word_1_129' title='bbox 652 2268 983 2356; x_wconf 69' lang='lat' dir='ltr'><strong>disjectus-naufragio</strong></span> <span class='ocrx_word' id='word_1_130' title='bbox 1002 2271 1131 2337; x_wconf 71' lang='lat' dir='ltr'><strong>ubulss</strong></span> <span class='ocrx_word' id='word_1_131' title='bbox 1150 2273 1207 2337; x_wconf 86' lang='lat' dir='ltr'><strong>ool·</strong></span> 
     </span>
     <span class='ocr_line' id='line_1_18' title="bbox 202 2382 1209 2470; baseline 0.006 -22"><span class='ocrx_word' id='word_1_132' title='bbox 202 2385 302 2470; x_wconf 72' lang='lat' dir='ltr'><strong>ligere</strong></span> <span class='ocrx_word' id='word_1_133' title='bbox 325 2407 422 2451; x_wconf 84' lang='lat' dir='ltr'><strong>curae</strong></span> <span class='ocrx_word' id='word_1_134' title='bbox 442 2382 525 2459; x_wconf 86' lang='lat' dir='ltr'><strong>fuit,</strong></span> <span class='ocrx_word' id='word_1_135' title='bbox 549 2384 651 2450; x_wconf 86' lang='lat' dir='ltr'><strong>Rob.</strong></span> <span class='ocrx_word' id='word_1_136' title='bbox 676 2383 925 2470; x_wconf 79' lang='lat' dir='ltr'><strong>Stephanus</strong></span> <span class='ocrx_word' id='word_1_137' title='bbox 943 2401 977 2454; x_wconf 88' lang='lat' dir='ltr'><strong>et</strong></span> <span class='ocrx_word' id='word_1_138' title='bbox 999 2389 1209 2456; x_wconf 86' lang='lat' dir='ltr'><strong>Heurious</strong></span> 
     </span>
     <span class='ocr_line' id='line_1_19' title="bbox 204 2501 966 2589; baseline 0.004 -19"><span class='ocrx_word' id='word_1_139' title='bbox 204 2506 289 2571; x_wconf 84' lang='lat' dir='ltr'><strong>filius</strong></span> <span class='ocrx_word' id='word_1_140' title='bbox 308 2501 460 2569; x_wconf 85' lang='lat' dir='ltr'><strong>censendi</strong></span> <span class='ocrx_word' id='word_1_141' title='bbox 482 2516 580 2583; x_wconf 84' lang='lat' dir='ltr'><strong>sunt,</strong></span> <span class='ocrx_word' id='word_1_142' title='bbox 603 2505 662 2589; x_wconf 91' lang='lat' dir='ltr'><strong>qui</strong></span> <span class='ocrx_word' id='word_1_143' title='bbox 682 2527 738 2579; x_wconf 43' lang='lat' dir='ltr'><strong>:eas</strong></span> <span class='ocrx_word' id='word_1_144' title='bbox 759 2508 966 2573; x_wconf 88' lang='lat' dir='ltr'><strong>inseruerunt</strong></span> 
     </span>
    </p>

    <p class='ocr_par' dir='ltr' id='par_1_4' title="bbox 146 2619 1213 2920">
     <span class='ocr_line' id='line_1_20' title="bbox 248 2619 1207 2710; baseline 0.005 -23"><span class='ocrx_word' id='word_1_145' title='bbox 248 2624 348 2688; x_wconf 81' lang='lat'>1564.</span> <span class='ocrx_word' id='word_1_146' title='bbox 393 2619 622 2710; x_wconf 62' lang='lat' dir='ltr'><strong>Fragments</strong></span> <span class='ocrx_word' id='word_1_147' title='bbox 648 2622 762 2689; x_wconf 75' lang='lat' dir='ltr'><strong>Poto.</strong></span> <span class='ocrx_word' id='word_1_148' title='bbox 797 2636 878 2691; x_wconf 77' lang='lat' dir='ltr'><strong>vett.</strong></span> <span class='ocrx_word' id='word_1_149' title='bbox 914 2624 1008 2690; x_wconf 69' lang='lat' dir='ltr'><strong>batt</strong></span> <span class='ocrx_word' id='word_1_150' title='bbox 1042 2626 1146 2692; x_wconf 71' lang='lat' dir='ltr'><strong>Paria</strong></span> <span class='ocrx_word' id='word_1_151' title='bbox 1177 2628 1207 2691; x_wconf 82' lang='lat'><strong>8.</strong></span> 
     </span>
     <span class='ocr_line' id='line_1_21' title="bbox 146 2728 509 2829; baseline -0.003 -25"><span class='ocrx_word' id='word_1_152' title='bbox 146 2728 149 2733; x_wconf 84' lang='lat'>&#39;</span> <span class='ocrx_word' id='word_1_153' title='bbox 204 2742 251 2829; x_wconf 74' lang='lat' dir='ltr'><strong>(p.</strong></span> <span class='ocrx_word' id='word_1_154' title='bbox 280 2735 509 2824; x_wconf 77' lang='lat'>151-214)⁵.</span> 
     </span>
     <span class='ocr_line' id='line_1_22' title="bbox 299 2852 1213 2920; baseline 0.008 -15"><span class='ocrx_word' id='word_1_155' title='bbox 299 2854 378 2919; x_wconf 83' lang='lat' dir='ltr'><strong>Hujus</strong></span> <span class='ocrx_word' id='word_1_156' title='bbox 392 2859 472 2917; x_wconf 82' lang='lat' dir='ltr'><strong>operis</strong></span> <span class='ocrx_word' id='word_1_157' title='bbox 486 2858 642 2919; x_wconf 83' lang='lat' dir='ltr'><strong>exemplum,</strong></span> <span class='ocrx_word' id='word_1_158' title='bbox 659 2871 733 2905; x_wconf 86' lang='lat' dir='ltr'><strong>mann</strong></span> <span class='ocrx_word' id='word_1_159' title='bbox 745 2852 831 2910; x_wconf 70' lang='lat' dir='ltr'><strong>&#39;Dion</strong></span> <span class='ocrx_word' id='word_1_160' title='bbox 848 2865 873 2908; x_wconf 89' lang='lat' dir='ltr'><strong>et</strong></span> <span class='ocrx_word' id='word_1_161' title='bbox 885 2857 946 2912; x_wconf 79' lang='lat' dir='ltr'><strong>Jae.</strong></span> <span class='ocrx_word' id='word_1_162' title='bbox 967 2858 1123 2920; x_wconf 70' lang='lat' dir='ltr'><strong>Gounfreu</strong></span> <span class='ocrx_word' id='word_1_163' title='bbox 1136 2874 1213 2911; x_wconf 70' lang='lat' dir='ltr'><strong>mn·</strong></span> 
     </span>
    </p>
   </div>
   <div class='ocr_carea' id='block_1_3' title="bbox 268 2953 1211 3114">
    <p class='ocr_par' dir='ltr' id='par_1_5' title="bbox 268 2953 1211 3114">
     <span class='ocr_line' id='line_1_23' title="bbox 268 2953 1211 3019; baseline 0.004 -19"><span class='ocrx_word' id='word_1_164' title='bbox 268 2953 354 3000; x_wconf 84' lang='lat' dir='ltr'><strong>dotum</strong></span> <span class='ocrx_word' id='word_1_165' title='bbox 380 2957 405 2998; x_wconf 90' lang='lat' dir='ltr'><strong>et</strong></span> <span class='ocrx_word' id='word_1_166' title='bbox 421 2954 579 3014; x_wconf 78' lang='lat' dir='ltr'><strong>suppletum,</strong></span> <span class='ocrx_word' id='word_1_167' title='bbox 597 2958 675 3001; x_wconf 80' lang='lat' dir='ltr'><strong>exstet</strong></span> <span class='ocrx_word' id='word_1_168' title='bbox 700 2953 1085 3019; x_wconf 76' lang='lat' dir='ltr'><strong>tnssto1.Senat.ttps.tltud</strong></span> <span class='ocrx_word' id='word_1_169' title='bbox 1100 2972 1172 3007; x_wconf 83' lang='lat' dir='ltr'><strong>manu</strong></span> <span class='ocrx_word' id='word_1_170' title='bbox 1186 2954 1211 3005; x_wconf 83' lang='lat' dir='ltr'><strong>J.</strong></span> 
     </span>
     <span class='ocr_line' id='line_1_24' title="bbox 269 3042 842 3114; baseline 0.007 -21"><span class='ocrx_word' id='word_1_171' title='bbox 269 3042 374 3094; x_wconf 81' lang='lat' dir='ltr'><strong>Dousae</strong></span> <span class='ocrx_word' id='word_1_172' title='bbox 390 3049 544 3096; x_wconf 82' lang='lat' dir='ltr'><strong>emendatum</strong></span> <span class='ocrx_word' id='word_1_173' title='bbox 560 3049 586 3096; x_wconf 80' lang='lat' dir='ltr'><strong>in</strong></span> <span class='ocrx_word' id='word_1_174' title='bbox 602 3050 669 3097; x_wconf 86' lang='lat' dir='ltr'><strong>Bibl.</strong></span> <span class='ocrx_word' id='word_1_175' title='bbox 693 3050 774 3114; x_wconf 73' lang='lat' dir='ltr'><strong>tngo,</strong></span> <span class='ocrx_word' id='word_1_176' title='bbox 787 3050 842 3098; x_wconf 83' lang='lat' dir='ltr'><strong>Bet.</strong></span> 
     </span>
    </p>
   </div>
   <div class='ocr_carea' id='block_1_4' title="bbox 160 3215 1226 4161">
    <p class='ocr_par' dir='ltr' id='par_1_6' title="bbox 242 3215 1022 3288">
     <span class='ocr_line' id='line_1_25' title="bbox 242 3215 1022 3288; baseline 0.005 -17"><span class='ocrx_word' id='word_1_177' title='bbox 242 3235 255 3271; x_wconf 83' lang='lat' dir='ltr'><strong>t</strong></span> <span class='ocrx_word' id='word_1_178' title='bbox 293 3215 360 3273; x_wconf 77' lang='lat' dir='ltr'><strong>vid.</strong></span> <span class='ocrx_word' id='word_1_179' title='bbox 384 3218 551 3288; x_wconf 71' lang='lat' dir='ltr'><strong>Setting.</strong></span> <span class='ocrx_word' id='word_1_180' title='bbox 573 3218 1022 3288; x_wconf 71' lang='lat' dir='ltr'><strong>oct011.nat.1tt‚p.e‚2t.</strong></span> 
     </span>
    </p>

    <p class='ocr_par' dir='ltr' id='par_1_7' title="bbox 206 3314 1220 3580">
     <span class='ocr_line' id='line_1_26' title="bbox 240 3314 1217 3390; baseline 0.003 -20"><span class='ocrx_word' id='word_1_181' title='bbox 240 3333 258 3369; x_wconf 82' lang='lat'><em>2</em></span> <span class='ocrx_word' id='word_1_182' title='bbox 294 3314 1217 3390; x_wconf 77' lang='lat' dir='ltr'><strong>sosipatrumcharisium,l&#39;riscisnoantiquio-</strong></span> 
     </span>
     <span class='ocr_line' id='line_1_27' title="bbox 206 3411 1220 3484; baseline 0.004 -20"><span class='ocrx_word' id='word_1_183' title='bbox 206 3429 285 3478; x_wconf 82' lang='lat' dir='ltr'><strong>rem,</strong></span> <span class='ocrx_word' id='word_1_184' title='bbox 312 3418 428 3465; x_wconf 83' lang='lat' dir='ltr'><strong>exeunte</strong></span> <span class='ocrx_word' id='word_1_185' title='bbox 455 3411 548 3464; x_wconf 73' lang='lat' dir='ltr'><strong>aeonio</strong></span> <span class='ocrx_word' id='word_1_186' title='bbox 578 3417 677 3480; x_wconf 80' lang='lat' dir='ltr'><strong>quarto</strong></span> <span class='ocrx_word' id='word_1_187' title='bbox 711 3419 738 3464; x_wconf 83' lang='lat' dir='ltr'><strong>et</strong></span> <span class='ocrx_word' id='word_1_188' title='bbox 756 3414 867 3465; x_wconf 83' lang='lat' dir='ltr'><strong>ineunte</strong></span> <span class='ocrx_word' id='word_1_189' title='bbox 885 3415 983 3484; x_wconf 81' lang='lat' dir='ltr'><strong>quinto</strong></span> <span class='ocrx_word' id='word_1_190' title='bbox 1001 3415 1130 3470; x_wconf 79' lang='lat' dir='ltr'><strong>floruisse</strong></span> <span class='ocrx_word' id='word_1_191' title='bbox 1148 3424 1220 3483; x_wconf 73' lang='lat' dir='ltr'><strong>recte</strong></span> 
     </span>
     <span class='ocr_line' id='line_1_28' title="bbox 208 3500 989 3580; baseline 0.003 -17"><span class='ocrx_word' id='word_1_192' title='bbox 208 3513 363 3577; x_wconf 81' lang='lat' dir='ltr'><strong>auspicatus</strong></span> <span class='ocrx_word' id='word_1_193' title='bbox 379 3515 421 3561; x_wconf 81' lang='lat' dir='ltr'><strong>est</strong></span> <span class='ocrx_word' id='word_1_194' title='bbox 440 3500 516 3562; x_wconf 73' lang='lat' dir='ltr'><strong>Oto</strong></span> <span class='ocrx_word' id='word_1_195' title='bbox 527 3528 546 3562; x_wconf 85' lang='lat' dir='ltr'><strong>n</strong></span> <span class='ocrx_word' id='word_1_196' title='bbox 557 3528 575 3560; x_wconf 90' lang='lat' dir='ltr'><strong>n</strong></span> <span class='ocrx_word' id='word_1_197' title='bbox 593 3512 692 3578; x_wconf 80' lang='lat' dir='ltr'><strong>Beytr.</strong></span> <span class='ocrx_word' id='word_1_198' title='bbox 713 3528 738 3563; x_wconf 82' lang='lat' dir='ltr'><strong>z.</strong></span> <span class='ocrx_word' id='word_1_199' title='bbox 755 3511 816 3564; x_wconf 72' lang='lat' dir='ltr'><strong>nit.</strong></span> <span class='ocrx_word' id='word_1_200' title='bbox 834 3511 864 3565; x_wconf 86' lang='lat'><strong>11</strong></span> <span class='ocrx_word' id='word_1_201' title='bbox 880 3529 908 3580; x_wconf 84' lang='lat' dir='ltr'><strong>p.</strong></span> <span class='ocrx_word' id='word_1_202' title='bbox 926 3512 989 3566; x_wconf 75' lang='lat'><strong>540.</strong></span> 
     </span>
    </p>

    <p class='ocr_par' dir='ltr' id='par_1_8' title="bbox 242 3605 645 3675">
     <span class='ocr_line' id='line_1_29' title="bbox 242 3605 645 3675; baseline -0.005 -18"><span class='ocrx_word' id='word_1_203' title='bbox 242 3605 260 3657; x_wconf 78' lang='lat'>3</span> <span class='ocrx_word' id='word_1_204' title='bbox 297 3607 457 3675; x_wconf 73' lang='lat' dir='ltr'><strong>Setting.</strong></span> <span class='ocrx_word' id='word_1_205' title='bbox 475 3605 535 3658; x_wconf 81' lang='lat' dir='ltr'><strong>eod.</strong></span> <span class='ocrx_word' id='word_1_206' title='bbox 551 3622 580 3671; x_wconf 85' lang='lat' dir='ltr'><strong>p.</strong></span> <span class='ocrx_word' id='word_1_207' title='bbox 601 3622 645 3674; x_wconf 84' lang='lat'><strong>²9·</strong></span> 
     </span>
    </p>

    <p class='ocr_par' dir='ltr' id='par_1_9' title="bbox 209 3700 1225 3972">
     <span class='ocr_line' id='line_1_30' title="bbox 240 3700 1220 3777; baseline 0.004 -21"><span class='ocrx_word' id='word_1_208' title='bbox 240 3701 260 3756; x_wconf 73' lang='grc'>4</span> <span class='ocrx_word' id='word_1_209' title='bbox 293 3703 337 3752; x_wconf 82' lang='lat' dir='ltr'><strong>De</strong></span> <span class='ocrx_word' id='word_1_210' title='bbox 353 3710 419 3752; x_wconf 83' lang='lat' dir='ltr'><strong>arte</strong></span> <span class='ocrx_word' id='word_1_211' title='bbox 437 3703 555 3754; x_wconf 79' lang='lat' dir='ltr'><strong>metrica</strong></span> <span class='ocrx_word' id='word_1_212' title='bbox 580 3700 669 3771; x_wconf 86' lang='lat' dir='ltr'><strong>(Opp.</strong></span> <span class='ocrx_word' id='word_1_213' title='bbox 688 3703 724 3768; x_wconf 89' lang='lat'><strong>1,</strong></span> <span class='ocrx_word' id='word_1_214' title='bbox 744 3702 789 3775; x_wconf 75' lang='lat'><strong>37.</strong></span> <span class='ocrx_word' id='word_1_215' title='bbox 814 3703 913 3758; x_wconf 84' lang='lat' dir='ltr'><strong>Coton.</strong></span> <span class='ocrx_word' id='word_1_216' title='bbox 934 3706 1024 3777; x_wconf 75' lang='lat'><strong>1612).</strong></span> <span class='ocrx_word' id='word_1_217' title='bbox 1061 3710 1220 3762; x_wconf 73' lang='lat' dir='ltr'><strong>Puteola</strong></span> 
     </span>
     <span class='ocr_line' id='line_1_31' title="bbox 213 3798 1225 3877; baseline 0.007 -27"><span class='ocrx_word' id='word_1_218' title='bbox 213 3802 334 3852; x_wconf 69' lang='lat' dir='ltr'><strong>Granum.</strong></span> <span class='ocrx_word' id='word_1_219' title='bbox 363 3798 446 3855; x_wconf 61' lang='lat' dir='ltr'><strong>batt.</strong></span> <span class='ocrx_word' id='word_1_220' title='bbox 464 3807 533 3853; x_wconf 64' lang='grc' dir='ltr'><strong>ναΐ.</strong></span> <span class='ocrx_word' id='word_1_221' title='bbox 552 3816 580 3866; x_wconf 86' lang='lat' dir='ltr'><strong>p.</strong></span> <span class='ocrx_word' id='word_1_222' title='bbox 601 3798 679 3871; x_wconf 80' lang='lat'><strong>2373.</strong></span> <span class='ocrx_word' id='word_1_223' title='bbox 716 3803 759 3852; x_wconf 86' lang='lat' dir='ltr'><strong>De</strong></span> <span class='ocrx_word' id='word_1_224' title='bbox 777 3801 903 3873; x_wconf 78' lang='lat' dir='ltr'><strong>orthogr.</strong></span> <span class='ocrx_word' id='word_1_225' title='bbox 920 3820 949 3870; x_wconf 89' lang='lat' dir='ltr'><strong>p.</strong></span> <span class='ocrx_word' id='word_1_226' title='bbox 967 3800 1012 3855; x_wconf 77' lang='grc'><strong>55.</strong></span> <span class='ocrx_word' id='word_1_227' title='bbox 1031 3804 1111 3877; x_wconf 76' lang='lat'><strong>2778.</strong></span> <span class='ocrx_word' id='word_1_228' title='bbox 1139 3808 1225 3857; x_wconf 80' lang='lat' dir='ltr'><strong>Uter-</strong></span> 
     </span>
     <span class='ocr_line' id='line_1_32' title="bbox 209 3893 1195 3972; baseline 0.008 -24"><span class='ocrx_word' id='word_1_229' title='bbox 209 3913 262 3965; x_wconf 89' lang='lat' dir='ltr'><strong>que</strong></span> <span class='ocrx_word' id='word_1_230' title='bbox 280 3893 357 3947; x_wconf 81' lang='lat' dir='ltr'><strong>locus</strong></span> <span class='ocrx_word' id='word_1_231' title='bbox 381 3911 414 3945; x_wconf 84' lang='lat' dir='ltr'><strong>ex</strong></span> <span class='ocrx_word' id='word_1_232' title='bbox 435 3895 632 3972; x_wconf 69' lang='lat' dir='ltr'><strong>Charisii</strong></span> <span class='ocrx_word' id='word_1_233' title='bbox 647 3897 788 3952; x_wconf 83' lang='lat' dir='ltr'><strong>desumtus</strong></span> <span class='ocrx_word' id='word_1_234' title='bbox 807 3903 883 3956; x_wconf 82' lang='lat' dir='ltr'><strong>Inst.</strong></span> <span class='ocrx_word' id='word_1_235' title='bbox 906 3903 953 3953; x_wconf 82' lang='lat' dir='ltr'><strong>Gr.</strong></span> <span class='ocrx_word' id='word_1_236' title='bbox 973 3901 986 3952; x_wconf 88' lang='lat'>1</span> <span class='ocrx_word' id='word_1_237' title='bbox 1005 3919 1035 3969; x_wconf 84' lang='lat' dir='ltr'><strong>p.</strong></span> <span class='ocrx_word' id='word_1_238' title='bbox 1052 3900 1087 3956; x_wconf 86' lang='lat'><strong>60</strong></span> <span class='ocrx_word' id='word_1_239' title='bbox 1105 3909 1133 3954; x_wconf 82' lang='lat' dir='ltr'><strong>et</strong></span> <span class='ocrx_word' id='word_1_240' title='bbox 1148 3902 1195 3972; x_wconf 85' lang='lat'><strong>75.</strong></span> 
     </span>
    </p>

    <p class='ocr_par' dir='ltr' id='par_1_10' title="bbox 160 3991 1226 4161">
     <span class='ocr_line' id='line_1_33' title="bbox 160 3991 1226 4068; baseline 0.008 -24"><span class='ocrx_word' id='word_1_241' title='bbox 160 3994 162 3998; x_wconf 74' lang='grc'>’</span> <span class='ocrx_word' id='word_1_242' title='bbox 242 3992 260 4045; x_wconf 84' lang='grc'><strong>5</strong></span> <span class='ocrx_word' id='word_1_243' title='bbox 294 3991 1226 4068; x_wconf 49' lang='grc' dir='ltr'><strong>(πωνή.Βῐῠ1.ῡαι.1ρ.667.Ρεω.ειῐιινειι.</strong></span> 
     </span>
     <span class='ocr_line' id='line_1_34' title="bbox 214 4088 683 4161; baseline 0.002 -18"><span class='ocrx_word' id='word_1_244' title='bbox 214 4095 280 4143; x_wconf 72' lang='lat' dir='ltr'><strong>Sat!</strong></span> <span class='ocrx_word' id='word_1_245' title='bbox 313 4088 365 4144; x_wconf 85' lang='lat' dir='ltr'><strong>Ed.</strong></span> <span class='ocrx_word' id='word_1_246' title='bbox 387 4088 447 4157; x_wconf 89' lang='lat' dir='ltr'><strong>Bip.</strong></span> <span class='ocrx_word' id='word_1_247' title='bbox 469 4089 536 4161; x_wconf 79' lang='lat'><strong>1785</strong></span> <span class='ocrx_word' id='word_1_248' title='bbox 554 4109 581 4157; x_wconf 91' lang='lat' dir='ltr'><strong>p.</strong></span> <span class='ocrx_word' id='word_1_249' title='bbox 602 4089 683 4144; x_wconf 83' lang='lat' dir='ltr'><strong>Lvt.</strong></span> 
     </span>
    </p>
   </div>
   <div class='ocr_carea' id='block_1_5' title="bbox 0 0 1309 4756">
    <p class='ocr_par' dir='ltr' id='par_1_11' title="bbox 0 0 1309 4756">
     <span class='ocr_line' id='line_1_35' title="bbox 0 0 1309 4756; baseline 0 0"><span class='ocrx_word' id='word_1_250' title='bbox 0 0 1309 4756; x_wconf 95' lang='lat' dir='ltr'><strong> </strong></span> 
     </span>
    </p>
   </div>
  </div>
 </body>
</html>
