2580 4756
613 341 682 401 '147

140 517 169 583 E
195 536 262 601 quo
280 517 362 581 illud
376 518 451 580 iere
474 528 619 579 constare
640 515 781 589 dixeris,
807 517 969 600 primum
992 536 1069 578 eum
1088 517 1159 580 Lu-

141 634 210 703 cilii
226 635 422 699 carmina'in
442 632 575 718 publico
595 633 771 698 hominum
794 647 889 698 coetu
913 634 1048 699 recitare
1060 654 1139 697 exor

143 774 221 816 sum
244 774 319 817 esse.
364 751 481 836 Neque
498 752 589 815 enim
609 751 721 827 uideo,
745 751 806 816 nisi
827 752 881 816 hic
901 774 1009 817 sensus
1033 752 1159 815 subesse

140 882 327 947 statuatur,
362 870 442 954 quid
474 870 556 933 illud
590 868 686 933 solus
718 870 807 957 legit
836 869 1020 955 significet,
1053 891 1177 954 quum.

143 988 285 1052 alterum
311 988 407 1052 solos
430 987 531 1075 fucit
559 991 682 1074 poitur
712 989 800 1051 haud
833 988 970 1052 obscure
993 990 1159 1052 ⁴referatur¹

143 1106 185 1168 ad
218 1105 382 1190 singulare
415 1105 584 1180 studium,
615 1126 682 1190 quo
703 1105 930 1188 adpoiiticanr
951 1099 1159 1169 tendentibus

143 1222 292 1288 vacabat.
313 1222 525 1306 Perspicuum
542 1242 621 1309 ergo
643 1235 711 1299 est,
725 1221 901 1298 Catonem,
915 1228 1161 1305 veterumpos'l-

143 1352 271 1415 mrum‚
293 1339 485 1423 praesertim
498 1339 617 1404 Lucilii
629 1341 827 1410 carminibus
850 1340 1009 1426 legendis,
1032 1351 1160 1404 tantam

134 1457 206 1521 -sibi
228 1457 319 1553 brevi
343 1461 467 1523 lamam
488 1479 634 1540 parasse,
657 1472 695 1523 ut
707 1460 820 1522 ceteris
843 1459 1066 1544 grammaticis
1087 1475 1160 1522 suos

144 1570 512 1661 quibusquediscipulos
534 1589 568 1640 ct
590 1576 764 1641 familiares
786 1576 949 1659 eriperet,
970 1576 1005 1640 et
1028 1573 1162 1641 Latinae
1239 1608 1242 1614 ·

145 1692 271 1758 Sirenes
291 1695 394 1758 instar
414 1696 504 1759 velut
516 1693 631 1758 cantds
646 1693 817 1758 dulcedine
830 1708 936 1759 motos
949 1696 990 1758 ad
1002 1715 1037 1758 se
1049 1695 1156 1758 allice·

145 1822 197 1874 ret
211 1838 218 1872 :
241 1823 316 1893 post
326 1831 423 1887 vcro,
436 1823 534 1875 aucto
546 1813 585 1875 ad
598 1832 676 1874 eum
688 1813 827 1875 modum
839 1811 1028 1874 auditorum
1039 1829 1162 1873 nume-

131 1946 195 2003 κιο,
219 1929 308 2010 quod
319 1926 475 2018 privatim
487 1928 594 1991 adhuc
606 1948 718 1991 coram
729 1927 840 2010 paucis
852 1948 892 1990 ex
904 1947 997 1991 more
1007 1925 1161 1991 ineius-

141 2056 212 2119 set,
236 2042 368 2125 publice
391 2044 426 2106 in
445 2064 568 2128 magna
589 2040 766 2107 hominum
780 2043 965 2128 frequentia
987 2054 1160 2127 expertum

142 2181 223 2224 esse.
267 2157 380 2244 Neque
402 2160 503 2247 igitur
526 2161 708 2245 quidquam
732 2160 896 2236 obstaret,
920 2160 1096 2245 quominus
1120 2164 1163 2225 de

144 2275 274 2341 Lucilio
296 2297 363 2340 non
384 2256 494 2342 minus
517 2299 618 2362 quam
631 2278 769 2342 Laberio
783 2280 904 2342 valeret
917 2275 1045 2344 Horatii
1057 2279 1159 2344 illud·

191 2393 294 2482 Ergo
316 2417 384 2459 non
405 2396 498 2459 satie
520 2406 572 2459 est
593 2397 673 2459 rim
695 2393 854 2460 diducere
875 2397 1008 2459 rictum

193 2511 322 2575 Audi
334 2525 349 2576 t
362 2536 380 2577 o
393 2516 442 2577 ri
454 2512 555 2575 81—

145 2628 208 2691 nisi
231 2629 408 2693 Laberium
429 2611 537 2694 solum
559 2629 778 2716 significatum
800 2649 863 2693 osse
887 2627 962 2692 inde
982 2637 1163 2702 constaret,

146 2748 238 2830 quod
254 2745 397 2811 Lucilius
420 2724 465 2810 ab·
484 2749 548 2810 hoc
569 2746 649 2811 vitio
664 2745 849 2830 longissime
871 2744 1003 2809 abessen

193 2861 281 2927 Haec
309 2864 335 2927 si
363 2866 501 2928 veredo
531 2863 708 2925 immutato
741 2874 774 2925 et
811 2857 1011 2944 amplificato
1045 2857 1163 2925 Lucilii

147 2981 256 3045 studio
289 2982 466 3064 disputasse
488 2979 696 3056 uidebimur,
720 2979 871 3043 nouerit
894 2980 1096 3057 verendum,
1119 3002 1161 3043 ne

148 3099 356 3185 praelegendi
392 3100 458 3182 ejus
489 3098 594 3182 operis
628 3096 893 3161 consuetudinem
925 3098 966 3160 ad
999 3095 1165 3161 iuvenalis

150 3226 292 3278 aetatem
311 3228 528 3300 propagatam
551 3234 615 3278 esse
641 3215 720 3278 felso
745 3212 1047 3278 existimaverimus·
1090 3215 1160 3278 Ve-

150 3343 345 3396 runtamen,
362 3332 552 3414 perduravit
570 3342 681 3414 postea
704 3329 792 3395 idem
814 3331 1013 3396 institutum.
1059 3330 1165 3414 Cujus

151 3449 200 3512 rei
231 3450 318 3513 lestis
351 3460 397 3512 ess
430 3447 566 3512 Gellius:
607 3473 624 3514 u
648 3447 765 3511 Lucilii
787 3468 826 3510 ex
851 3448 1026 3512 undecimo
1051 3469 1160 3512 versus

152 3577 249 3629 suut:
291 3561 478 3651 Scipiadae
495 3601 551 3630 -.
609 3561 787 3627 obiciebat
818 3583 838 3625 ο
871 3562 965 3626 litera
999 3566 1161 3646 producte

152 3684 275 3746 mullos
307 3685 440 3769 legere
475 3683 590 3748 audio:
628 3702 666 3745 eo
701 3683 806 3744 facere
831 3680 970 3756 dicunt,
1007 3695 1046 3745 ut
1079 3682 1166 3747 r'aliu

152 3799 286 3863 numeri
304 3802 393 3863 salva
423 3798 474 3863 sit.
519 3799 727 3862 idaminfra:
755 3797 805 3859 Et
825 3798 910 3882 ‘jum
933 3801 1084 3862 conicere
1105 3836 1163 3865 -.
1263 3799 1265 3802 ⁴

188 4101 201 4137 ι
245 4087 306 4137 Sal.
327 4085 362 4147 l,
383 4100 426 4149 lo,
448 4102 475 4153 7.
