2616 4762
617 347 678 410 127

141 545 185 589 co
215 543 326 587 amore
350 536 450 608 atque
465 523 680 588 admiratione
704 524 844 608 amplius
865 522 1055 610 Quintiliani
1073 543 1152 588 aevo

142 644 361 708 movebantur
377 643 522 733 plurimi.
568 643 660 708 Licet
680 666 756 710 vero
774 645 889 708 melior
902 644 1048 709 universe
1061 665 1152 707 mens

141 763 327 828 invaluisset
348 763 532 847 rectiusque
555 765 595 827 de
615 778 773 828 vetustate
792 765 966 828 existimari
984 763 1152 846 coepisset,
1243 768 1247 787 ¹

143 884 260 967 procul
285 882 397 946 tamen
424 882 558 959 aberat,
589 896 627 946 ut
653 886 774 947 frustra
805 897 1063 968 quaererentur,
1096 883 1153 966 qui

141 1020 234 1066 secus
268 1000 503 1066 existimarent.
547 1001 697 1066 Testatur
720 999 959 1086 Quintilianus,
985 1002 1020 1065 in
1036 1022 1155 1087 aequa·
1249 1040 1253 1047 ·

145 1120 233 1185 libus
254 1119 316 1184 suis
337 1121 496 1204 quosdam
533 1120 577 1184 ita
597 1120 658 1184 sibi
681 1120 804 1184 deditos
821 1121 967 1185 hahuisse
988 1118 1155 1184 Lucilium

143 1253 326 1316 amatores,
345 1253 383 1304 ut
412 1262 488 1304 eum
509 1240 554 1303 illi
567 1261 635 1303 non
648 1241 792 1324 ejusdem
810 1241 909 1304 modo
921 1239 1027 1322 operis
1043 1252 1154 1302 aucto·

143 1359 257 1435 ribus,
277 1360 332 1423 sed
352 1359 504 1423 omnibus
532 1359 634 1441 poe'tie
652 1360 816 1442 praeferre
840 1380 907 1422 non
928 1358 1115 1423 dubitarent
1129 1358 1155 1422 ¹.

143 1477 199 1544 Ab
232 1477 299 1555 his,
328 1491 367 1542 ut
388 1499 448 1561 par
479 1493 566 1556 erat,
585 1478 811 1555 dissentiebat,
836 1479 924 1542 haud
942 1479 1009 1543 sine
1032 1477 1156 1541 ratione

142 1619 203 1673 ea,
228 1618 310 1681 quae
331 1597 488 1680 [raterius
503 1611 632 1680 tempus
653 1600 793 1677 tulerat,
814 1597 935 1684 ingenii
959 1617 1157 1660 monumen-

145 1730 182 1782 ta
206 1716 309 1802 magis
333 1716 530 1794 admiratus,
549 1739 610 1781 nec
631 1731 743 1780 tamen
764 1717 810 1781 ita
832 1717 1014 1781 recentiora
1031 1716 1157 1797 ample·

143 1856 227 1913 xus,
258 1835 339 1920 quin
365 1835 460 1920 aequi
481 1836 598 1920 judicis
621 1836 722 1900 instar
744 1835 879 1919 antiqua
898 1848 1109 1898 veneraretur
1125 1847 1158 1897 et

142 1953 257 2019 debita
283 1955 378 2018 laude
409 1954 669 2038 prosequeretur.
714 1952 827 2038 Neque
860 1974 938 2018 vero
967 1953 1158 2037 proximor

145 2072 351 2159 Quintiliano
383 2086 533 2154 tempore
560 2074 761 2149 defuerunt,
791 2072 849 2156 qui
882 2071 977 2135 illum
1004 2072 1038 2135 in
1062 2072 1159 2136 satira

143 2192 370 2277 principatum
388 2191 421 2255 in
440 2190 603 2255 Lucilium
624 2192 797 2256 deferrent.
826 2189 881 2256 Sic
898 2191 987 2255 enim
1010 2203 1160 2255 auctor

145 2310 323 2399 dialogi
341 2309 390 2374 de
413 2310 662 2374 oratoribus
677 2310 806 2375 scribit:
831 2310 950 2376 «Vobis
962 2311 1076 2395 utique
1088 2331 1160 2374 ver-

146 2444 261 2497 santur
276 2443 350 2494 ante
370 2432 502 2506 oculos,
525 2429 581 2513 qui
605 2428 768 2494 Lucilium
791 2451 855 2513 pro
867 2428 1024 2504 Horatio,
1050 2429 1160 2492 etLu-

145 2550 287 2615 cretinm
313 2568 374 2632 pro
392 2544 530 2634 Virgilio
547 2551 660 2634 legunt
671 2547 697 2612 2.
713 2568 730 2608 a
760 2547 855 2614 Unde
874 2548 954 2612 effici
967 2567 1055 2630 posse
1069 2547 1163 2611 vide·

149 2683 223 2746 tur,
253 2669 319 2734 suis
352 2668 515 2733 Lucilium
549 2667 790 2742 laudatoribus,
816 2666 964 2750 quamvis
982 2666 1016 2728 in
1035 2666 1162 2730 satirico

152 2808 272 2876 genere
289 2787 469 2871 principem
495 2800 527 2850 et
538 2786 715 2863 eximium,
736 2799 846 2849 tamen
863 2806 929 2849 non
942 2787 1040 2849 talem
1054 2784 1161 2848 uisum

151 2907 268 2983 fuisse,
297 2905 353 2990 qui
384 2919 506 2969 ceteros
537 2926 669 2980 omnes,
699 2905 733 2967 in
753 2904 867 2988 quovis
897 2908 1024 2987 poeseos
1045 2924 1163 2991 genere

151 3037 310 3101 verutos,
334 3024 436 3090 laudis
456 3023 646 3089 excellentiis
658 3023 867 3088 obscurasset.
891 3022 987 3108 Quod
998 3023 1077 3087 item
1086 3043 1163 3088 con·

152 3145 343 3208 firmantem
379 3142 537 3206 habemus
569 3143 800 3229 subaequalem
828 3142 1098 3220 Martialem,
1126 3155 1164 3206 ut

156 3274 295 3347 apparet
314 3283 353 3326 ex
372 3256 626 3348 epigrammate:

157 3445 438 3459 —n——u—

192 3565 205 3604 t
242 3553 317 3602 Inst.
335 3554 415 3603 Orat.
434 3549 484 3612 X,
505 3569 529 3608 ι.

191 3666 208 3701 2
244 3649 336 3702 023.
375 3648 495 3701 Videtur
524 3646 625 3715 dialogi
644 3644 725 3716 buius
755 3645 921 3697 Plinius
949 3644 1166 3699 Caecilius

161 3743 391 3811 Secundus,
420 3764 475 3799 nou
497 3746 673 3797 'l'acitus
699 3752 794 3798 auctor
822 3762 891 3796 osse.
927 3741 1011 3813 Quod
1028 3745 1166 3811 praeclare

159 3859 254 3895 recens
271 3846 415 3910 probatum
433 3843 485 3896 ivit
504 3845 541 3896 A.
563 3845 605 3896 W
610 3843 621 3893 i
631 3852 644 3893 t
656 3851 668 3893 t
680 3842 744 3893 iclt
760 3841 826 3897 iiber
841 3843 894 3893 deu
917 3844 944 3894 V
944 3842 995 3910 erf.
1017 3841 1063 3893 des
1080 3842 1163 3896 Dial.

160 3943 193 3993 de
218 3944 312 3993 Oralt.
342 3941 370 3992 iu
403 3939 621 3994 Seebode's
650 3941 727 3991 Neue
743 3939 844 3992 Jahrb.
854 3941 885 4011 f
913 3940 994 3994 Pbil.
1020 3959 1047 3992 u.
1078 3940 1167 3991 Paed.

162 4038 229 4108 1839
255 4038 355 4108 Suppl.
373 4037 399 4090 V
429 4055 456 4105 p.
475 4037 619 4106 259-292.
668 4035 797 4088 Ceterum
820 4035 854 4087 dc
884 4037 985 4089 Lucilii
1004 4036 1168 4090 auctoritate

161 4135 195 4186 cl.
214 4138 362 4186 Mauso
382 4135 500 4186 Nachtr.
518 4152 541 4187 z.
565 4133 662 4184 Sulzer
678 4151 705 4200 p.
724 4134 776 4187 llo
793 4151 853 4202 sqq.
