2580 4756
687 333 747 393 152

208 511 282 570 tlara
318 529 394 570 sero
425 520 572 570 mentem
590 522 735 574 nostram
754 507 893 571 advertit
918 505 1222 573 Corumentator

209 623 475 707 Cruquianus.
524 624 573 687 lbi
592 628 633 689 ad
658 625 739 689 illud
759 624 903 689 Horatii:
928 626 980 690 At
997 628 1034 690 ri
1058 628 1143 713 puis
1162 648 1221 712 po-

207 743 309 808 dihar
326 781 371 792 -
393 742 542 812 «Sensus
562 757 628 809 est:
652 745 770 829 siquis
792 744 993 827 inveniatur,
1016 748 1220 812 hortantum

208 875 378 925 contentus
410 864 582 939 claudere,
610 863 632 927 i.
656 884 685 926 e.
708 875 747 926 ut
769 865 899 926 claudat
924 862 1068 947 aliquid,
1093 866 1220 928 conclu-

209 983 265 1044 dat
286 994 319 1044 ct
342 981 454 1056 finiat,
476 981 558 1045 senis
580 981 737 1063 pedibus,
762 981 783 1045 i.
794 1003 822 1045 e.
846 981 1045 1047 hexametris
1068 980 1219 1057 versibus,

208 1101 296 1180 quod
317 1099 423 1162 secisse
441 1099 600 1164 videtur
618 1098 774 1174 Lucilius,
797 1080 978 1163 numerum
990 1120 1148 1164 vanuum
1165 1120 1218 1183 po

207 1218 268 1281 tius
290 1239 402 1282 amans
423 1238 525 1300 quam
542 1229 697 1281 ornatum
712 1229 745 1281 et
762 1216 936 1282 mollitiem
949 1218 975 1282 ¹.
991 1237 1009 1279 »
1043 1216 1135 1282 Haec
1153 1239 1218 1283 ver·

207 1338 249 1400 ba
283 1336 307 1399 si
340 1336 412 1419 quis
447 1348 598 1399 accurate
632 1337 803 1417 explorat,
827 1349 1001 1418 promtum
1021 1350 1072 1400 est
1094 1336 1217 1413 ridere,

209 1455 314 1518 aliena
338 1456 499 1517 conlisum
523 1453 738 1529 auctoritate,
762 1474 829 1517 non
852 1475 912 1518 suo
935 1474 996 1518 usu
1020 1454 1132 1520 nisum
1145 1457 1218 1520 haec

207 1571 375 1654 scripsisse.
399 1570 534 1634 Horatio
557 1571 657 1648 enim,
681 1593 782 1656 quem
804 1572 973 1656 sequitur,
990 1573 1097 1636 fidem·
1114 1573 1216 1638 habat.

208 1692 436 1757 Veruntamen
464 1691 526 1754 alia
556 1703 633 1754 sunt
667 1693 755 1755 haud
778 1713 882 1773 pauca
904 1690 1046 1769 indicia,
1069 1692 1217 1777 equibus
1281 1767 1284 1773 Δ

208 1811 343 1886 efficias,
367 1810 507 1894 patuisse
518 1809 682 1892 scriptori,
706 1809 730 1873 si
749 1829 834 1874 unus
852 1822 969 1874 cunata
981 1809 1216 1893 composuimet,

208 1932 334 1993 aditum
359 1932 400 1993 ad
417 1926 587 1993 Luciliana
599 1927 625 1994 ⁹.
658 1928 722 1992 Res
751 1941 863 1992 autem
882 1927 1075 2010 explicanda
1094 1928 1217 1993 ridetur

208 2071 246 2109 ex
265 2050 410 2120 ratione,
441 2066 544 2129 quarn
567 2046 602 2108 in
624 2047 749 2110 edendo
772 2058 1032 2110 commentatore
1056 2043 1216 2130 Cruquius

208 2174 335 2225 secutus
363 2175 420 2226 est.
465 2160 572 2224 Multa
599 2161 690 2224 enim
720 2184 759 2225 ex
795 2162 924 2226 Acrone
947 2175 980 2225 at
997 2162 1216 2249 Porphyrionis

141 2333 144 2338 .
209 2280 365 2357 adscivit3
397 2282 476 2343 haec
514 2299 592 2342 vero
625 2292 779 2361 excerpta
810 2281 1020 2363 locupletavit
1053 2283 1215 2349 rariorum

210 2400 359 2463 codicum
390 2396 556 2470 subsidiis,
597 2395 642 2459 ita
678 2408 736 2473 ut,
768 2397 826 2480 qui
858 2397 1029 2483 singularis
1060 2396 1216 2483 interpres

208 2518 309 2582 videri
327 2516 444 2600 possit,
480 2515 639 2598 permulti
665 2515 746 2591 sint,
770 2536 915 2597 quorum
937 2515 1059 2582 scholia
1077 2515 1216 2604 Cruqui-

209 2806 348 2859 strarculu’
358 2808 472 2878 ferrum
488 2836 523 2848 -
542 2807 591 2876 (fr.
608 2809 663 2864 inc.
682 2808 739 2878 14).
754 2836 789 2850 ··-
807 2806 892 2871 ΧΙΧ,
913 2811 956 2864 26·
976 2807 1068 2876 Sipia,
1088 2814 1217 2876 tapetaex

207 2921 259 2954 nna
279 2909 355 2968 parte
372 2903 482 2969 villosa,
501 2905 578 2972 quasi
596 2906 708 2973 simpla:
728 2903 883 2973 amphitapa
903 2923 935 2957 ex
948 2913 1065 2974 utraque
1078 2884 1218 2973 parterii}-

207 3003 264 3055 losa
294 3006 393 3065 tapeta.
428 2999 585 3053 Lucillius:
611 2984 702 3072 'Sipia
719 3012 804 3074 atque
821 3003 1005 3074 amphitapae
1021 3003 1104 3054 sillia
1121 3005 1218 3074 ingan·

208 3096 281 3147 tita’
314 3097 412 3149 malles
432 3099 541 3167 (fragm
558 3099 585 3162 1,
605 3101 715 3167 22).-·-
732 3099 820 3163 xlx,
839 3099 884 3163 30,
904 3116 929 3152 ι.
955 3097 1046 3151 Prima
1064 3105 1218 3153 ornament·

207 3209 308 3243 corona
335 3192 438 3260 insigne
457 3194 591 3247 victorias
607 3221 641 3235 -
658 3193 732 3248 Haec
749 3213 764 3246 a
782 3195 893 3247 Lucilio
913 3196 1043 3259 corolla,
1063 3197 1099 3247 ab
1118 3196 1219 3249 Homa-

208 3306 242 3345 ro
269 3296 371 3346 στεφάνη
399 3288 473 3342 dicta
497 3296 538 3342 est
556 3291 605 3361 (fr.
623 3292 678 3345 inc.
700 3294 776 3362 160).
794 3293 852 3345 —i
889 3290 1142 3360 orthographiam,
1160 3294 1181 3348 i.
1198 3310 1221 3348 a·

207 3390 374 3457 scripturam
391 3394 493 3441 rectam
512 3395 605 3442 contra
623 3390 788 3456 imperitiam
807 3389 984 3442 librariorum
1002 3388 1130 3442 Lucilius
1142 3393 1219 3456 psit·

207 3487 325 3553 primum
345 3487 456 3554 scripsit
477 3486 581 3558 (Danaa
602 3504 630 3553 p·
649 3488 709 3556 45).
727 3517 761 3528 -
779 3488 822 3539 Ex
839 3486 890 3539 hac
912 3488 1131 3540 testimoniorum
1154 3505 1220 3556 pau·

185 3586 290 3637 ·citate
318 3584 441 3652 quumvis
468 3584 514 3635 rin
543 3583 691 3653 quidquam
719 3584 853 3651 suspicari
872 3584 958 3649 licat,
988 3592 1077 3637 tamen
1098 3584 1221 3638 animad-

205 3681 390 3743 vertendum,
416 3682 548 3734 nonnulla
567 3681 676 3734 aliunde
694 3682 819 3735 sumsisse
839 3681 991 3753 Isidorum:
1012 3699 1046 3732 ex
1072 3681 1172 3735 Servio
1189 3682 1220 3735 ad

206 3779 287 3850 Virg.
308 3784 378 3832 Aen.
398 3779 406 3830 l
425 3814 433 3842 ‚
453 3777 504 3840 730
521 3778 554 3828 ad
572 3779 689 3830 verbum
708 3795 738 3829 ea
758 3795 827 3846 quae
846 3778 879 3831 de
897 3779 1017 3832 lacubus
1033 3781 1162 3836 monuit:
1188 3797 1220 3834 es

209 3879 297 3936 Persii
315 3877 464 3946 glossatore
481 3875 516 3926 ad
536 3877 667 3939 verbum,
686 3893 755 3945 quae
774 3875 844 3942 XX,
858 3876 912 3943 t,1
933 3877 1072 3948 leguntur.
1152 3924 1166 3936 .

245 3997 255 4031 r
296 3977 343 4029 Aa
359 3978 428 4026 Har.
452 3977 512 4025 Sat.
531 3972 567 4037 l,
588 3988 640 4038 to,
659 3972 694 4043 59
712 3991 739 4040 p.
759 3975 819 4044 399.

241 4097 258 4142 9
294 4094 319 4131 v.
339 4092 364 4131 c.
380 4091 410 4147 p.
429 4069 513 4145 itii,
533 4068 620 4134 320⁸,
641 4068 724 4134 535³,
744 4071 816 4125 534⁸.
