2580 4756
609 335 670 399 tau

178 516 227 581 De
245 513 366 579 ‹reteris'
379 513 470 576 libris
486 513 577 575 nullo
593 514 662 575 sere
678 522 768 573 certo
786 521 933 573 veterum
958 507 1143 573 tetimonio

133 647 276 709 constat,
306 653 390 716 quae
423 641 617 715 argumenta
645 627 777 697 suerint.
824 624 926 690 Libm
948 626 1144 711 vigesimo

134 753 280 838 quinto
298 747 541 833 praemonitum
560 745 665 821 fuisse,
683 745 883 826 parcimonia
901 747 1062 808 utendum
1079 764 1144 808 eme

136 890 246 952 neque
272 869 368 952 gulae
390 864 627 948 indulgendum
652 873 865 944 ventremque
890 864 1142 934 coarctandum,

132 989 295 1050 doeemur
315 1004 335 1045 a
355 981 382 1044 F
383 992 451 1044 esto
463 979 496 1055 1,
522 979 589 1062 ejus
610 977 685 1041 libri
703 980 813 1043 locum
829 980 1020 1060 explicante.
1044 978 1145 1042 Duo·

136 1099 398 1185 detrigeuimo
409 1098 494 1161 libro
504 1117 689 1160 sermonem
700 1095 886 1161 institutum
900 1097 993 1160 fuisse
1004 1099 1046 1160 ad
1059 1097 1147 1160 urio·

137 1241 175 1295 re
184 1239 261 1283 eene
273 1239 311 1281 ac
319 1231 411 1300 patre
426 1218 465 1279 de
484 1215 724 1299 indulgentiore
742 1228 861 1296 patruo
879 1214 1047 1296 probabile
1064 1214 1145 1278 est2.

137 1338 187 1402 De
206 1337 241 1401 P.
265 1335 418 1400 Gallonio
437 1337 510 1399 fure
530 1357 568 1398 ae
590 1337 703 1418 guloso
720 1334 853 1397 homine
874 1333 1000 1397 dictum
1021 1333 1066 1396 ibi
1083 1354 1149 1397 ease

139 1455 270 1538 patetss.
313 1451 640 1536 Undetrigeeimo
668 1454 720 1515 vel
751 1451 959 1536 trigesimo
990 1452 1074 1515 virus
1103 1464 1149 1515 eet

139 1579 238 1657 potita
249 1585 353 1635 totam
365 1570 533 1634 historiam
546 1590 690 1634 narrame
698 1571 738 1632 de
745 1567 785 1653 Q
792 1569 819 1632 F
819 1569 884 1632 abii
891 1564 1027 1632 Maximi
1037 1567 1150 1634 Cune-

139 1691 252 1755 tatoris
265 1689 440 1771 prudentia
457 1700 489 1750 et
506 1685 733 1751 Minucii-Rufi
755 1686 902 1772 magistri
926 1686 1076 1769 equitum
1099 1699 1153 1750 te-

140 1807 306 1871 meritate:
332 1805 412 1889 quin
435 1804 600 1867 inseruisse
618 1803 795 1866 narrationi
818 1794 977 1867 orationes
995 1800 1036 1866 ab
1057 1815 1155 1866 utro·

139 1946 206 2008 que
242 1920 406 1986 habitant.
453 1918 550 2002 Quod
573 1920 724 2002 quamvis
747 1920 858 2005 negari
887 1933 1027 2004 nequeat
1048 1923 1155 1984 ‘multo

141 2042 295 2106 acumine
307 2039 527 2124 excogitatum
540 2050 573 2101 et
585 2030 912 2114 concinnatum'eme,
925 2051 1037 2102 tamen
1049 2042 1154 2104 saten-

139 2164 239 2232 dum,
265 2155 514 2242 nimiaing'enio
527 2153 688 2219 Merulam
707 2156 882 2222 indulsisse.
927 2154 1041 2242 Neque
1064 2157 1153 2223 enirn

100 2266 102 2269 ⁵
141 2275 263 2340 satirici
282 2277 396 2355 poetae
413 2294 477 2337 ease
500 2287 650 2356 poterat,
679 2279 793 2356 poetae
816 2273 900 2358 epici
923 2289 1030 2359 parter
1052 2277 1156 2341 enaci-

146 2415 236 2476 pere.
273 2391 363 2455 Libri
389 2390 588 2476 trigesimi
613 2405 848 2476 argumentum
870 2402 1035 2457 variatum
1058 2415 1156 2479 mag-

145 2533 227 2575 nam
262 2519 399 2592 partem·
418 2508 553 2572 ridetur
568 2506 612 2569 vin
634 2508 831 2572 maritorum
855 2509 1069 2594 depingendis
1088 2510 1156 2572 mi-

143 2629 254 2703 seriis,
291 2627 347 2711 qui
380 2645 524 2693 uxorum
559 2623 719 2687 illecebris
749 2624 795 2687 ita
826 2624 1158 2707 capti'ten'erentur,

145 2757 186 2808 ut
202 2744 253 2808 rui
266 2734 857 2826 juris-essedetinerem,1qui·legibui
869 2721 1159 2807 coercerentur'ie'a

141 2884 217 2928 auae
237 2857 551 2942 separatae-‚habere
571 2865 607 2920 et
636 2860 808 2921 mundum,
829 2858 1026 2923 muliebrem
1047 2872 1080 2925 et
1102 2862 1161 2924 air·

144 2978 346 3064 pelleetilem
378 2975 590 3039 domesticam
625 2975 749 3039 affatim
768 2977 994 3060 suppeditare,
1018 2993 1051 3044 et
1073 2957 1162 3044 terra

145 3097 300 3180 marique
337 3097 388 3157 vel
405 3093 616 3176 cumcupitir
639 3094 785 3176 periculo
805 3116 877 3159 rem
898 3098 1014 3161 fucere.
1061 3097 1162 3162 Porr'o

148 3215 306 3290 tarracia,
322 3211 442 3296 quibua
458 3210 641 3276 femineum
654 3212 824 3298 ingenium
851 3213 934 3278 bene
947 3228 1081 3281 cautum
1092 3224 1162 3281 ma'-

149 3333 255 3398 ritum
269 3333 429 3405 eluderet,
453 3330 705 3415 repugnantiam
729 3332 923 3409 bominum,
948 3354 1031 3416 quae
1055 3334 1163 3397 bellua

150 3454 337 3514 multorum
354 3448 499 3530 capitum
527 3448 706 3524 videretur,
729 3451 815 3514 rixas
835 3464 867 3513 et
883 3451 993 3537 jurgia
1011 3452 1164 3536 gravissi-

188 3779 200 3818 ι
240 3758 430 3828 v.gallam
459 3760 613 3811 bibere.

191 3877 207 3911 2
243 3854 759 3918 And-SedottiOber.ll‚2t.

191 3956 208 4006 5
244 3955 404 4007 Merula
423 3955 462 4005 ad
477 3955 684 4023 Enniiftagm·
705 3952 812 4019 Μδδ.
919 3997 956 4015 ,.

191 4054 208 4102 4
244 4053 298 4102 Id.
318 4053 376 4102 eod.
398 4069 424 4116 p.
443 4047 594 4101 454-463.
