2580 4756
696 362 743 423 st

286 539 471 626 ‘Anquisitae
497 542 654 604 ¹hactenus
681 538 843 604 doctrinae
865 534 1024 601 rationem
1048 537 1238 614 habuimus,

241 664 288 725 dc
319 661 387 744 ipso
420 662 533 742 poe'tae
556 657 685 744 ingenio
709 657 818 720 nativo
840 657 986 719 nondum
1010 656 1165 722 diximus.
1195 656 1238 722 Ad

239 781 338 862 ··quod
361 778 617 864 cognoscendum
640 761 889 851 Horatium,
913 796 1035 859 quem,
1055 776 1238 862 prudenter

236 899 287 960 >de
299 897 413 961 Lucilii
435 894 582 960 doctrina
593 907 772 969 tacentem,
785 893 1075 975 praetermisimus,
1097 897 1238 961 consule-

240 1038 332 1083 mus.
378 1013 488 1100 Qualis
510 1014 608 1101 igitur
630 1014 676 1079 uis
698 1012 792 1078 insita
814 1013 895 1089 luit,
920 1013 972 1077 cui
994 1028 1126 1079 mature
1150 1000 1237 1080 exco-

239 1137 360 1198 lendae
395 1134 673 1217 perficiendaeque
706 1131 984 1215 opportunitatem
1017 1133 1156 1198 defuisse
1185 1136 1237 1199 do·

246 1251 391 1317 luimus?
436 1251 585 1316 Horatius
620 1250 771 1335 quidem,
794 1271 826 1314 se
849 1248 953 1337 infra
971 1247 1089 1314 Lucilii
1110 1274 1237 1317 ameum

244 1372 490 1458 ingeniumque
512 1391 598 1444 esse,
622 1368 774 1432 Trebatio
797 1365 955 1432 fatetur1.
988 1365 1050 1432 Sed
1061 1370 1187 1434 serione
1201 1393 1237 1435 m

236 1508 336 1552 -more
358 1509 416 1552 suo
438 1489 558 1552 ironice
581 1490 705 1551 locutus
728 1484 797 1550 est?
832 1485 979 1549 Dubium
1002 1483 1105 1551 rideri
1128 1501 1235 1572 posset,

244 1598 319 1684 nisi,
343 1606 554 1671 admiratione
577 1607 713 1670 ductum
736 1626 771 1669 re
795 1626 870 1669 vera
892 1604 937 1668 ita
958 1604 1116 1689 scripsisse
1129 1628 1237 1672 aemu-

234 1730 314 1790 lum
353 1732 504 1811 poa'tam,
528 1725 655 1790 aliunde
676 1723 922 1810 intelligeretur.
968 1721 1071 1801 Nam,
1094 1726 1237 1796 suamin

233 1844 336 1910 'satira
356 1845 523 1910 scribenda
546 1864 678 1928 operam
702 1841 886 1917 celebrans,
910 1845 989 1906 haec
1011 1843 1143 1908 scribit:

244 1965 313 2027 Hoc
334 1976 428 2039 erat,
453 1974 587 2048 experto
601 1961 748 2050 frustra
768 1960 928 2028 Varrone
949 1960 1101 2026 Atacino
1162 1952 1165 1959 ¹

244 2081 356 2168 Atque
377 2082 582 2168 quibusdem
594 2083 694 2157 eliis,
707 2082 832 2146 melina
843 2080 933 2168 qnod
943 2081 1092 2146 seribere
1098 2106 1235 2170 possem,

245 2201 268 2263 I
271 2213 465 2264 reventere
487 2203 624 2264 minoe·
635 2226 649 2278 3
672 2223 775 2287 neque
787 2222 847 2289 ego
860 2200 925 2264 illi
936 2199 1116 2266 detrahere
1127 2205 1237 2268 enain

240 2319 442 2382 Haerentem
464 2320 576 2404 capiti
598 2318 712 2381 multu
735 2340 812 2382 enen
837 2318 939 2382 lende
962 2321 1165 2387 corenoen2.
1213 2352 1216 2357 ·

237 2438 308 2501 Tali
338 2437 470 2521 quidem
486 2436 685 2513 laudatione,
708 2435 759 2502 cui
781 2436 936 2503 consentit
947 2437 1036 2520 prior
1050 2441 1150 2518 locus,
1163 2462 1238 2506 cou-

238 2557 334 2621 sentit
348 2557 445 2621 etiam
465 2555 677 2631 luvenalis,
701 2577 767 2618 ma
773 2577 909 2644 gnesen
933 2550 1239 2624 Anrnneeeelnm·

232 2700 321 2739 ensem
344 2678 506 2759 appellans
519 2673 554 2752 3,
578 2674 677 2738 animi
697 2675 889 2739 sententiam
907 2676 1062 2757 expressit
1074 2675 1239 2755 Horatius,

239 2795 419 2878 meritoque
441 2793 633 2866 statuimus,
657 2796 696 2858 de
719 2794 817 2858 divite
840 2793 957 2858 Lucilii
981 2817 1063 2860 vena
1084 2818 1162 2862 eum
1183 2821 1241 2864 ne-

240 2933 404 2995 quaquam
440 2912 618 2987 dubitasse,
645 2911 731 2995 »quin
760 2912 929 2976 lubentem
962 2915 1101 2978 merenti
1138 2916 1239 2981 laudis

235 3032 384 3110 palmam
414 3028 610 3093 concessisse.
657 3029 829 3114 Ingenium
864 3043 973 3094 autem
1006 3029 1122 3095 Lucilii
1155 3033 1241 3098 idem

242 3210 515 3220 ...-——.--—=

236 3317 324 3379 wien
356 3315 408 3365 wie
434 3314 506 3366 nach
523 3315 580 3365 ihm
609 3315 800 3378 Lucilius,
819 3318 872 3368 den
885 3319 1078 3390 nrsgesedenen
1096 3322 1239 3383 Rb'mern,

244 3413 332 3463 denen
350 3410 431 3463 Alles
448 3411 538 3462 daran
550 3410 618 3481 lag,
638 3412 715 3463 ihrer
735 3412 857 3482 Spraehe
871 3431 944 3483 ganz
960 3416 1081 3486 mdchtig
1096 3436 1130 3467 zu
1149 3437 1240 3487 scyra,

236 3508 303 3558 doaz
322 3508 382 3558 sicle
402 3507 473 3558 ohne
490 3509 646 3570 Kenntnisz
662 3510 709 3562 der
727 3509 822 3562 beiden
832 3502 939 3562 unslern
958 3513 1102 3580 Spraclsen
1117 3515 1172 3565 das
1180 3523 1242 3570 Ln-

238 3604 371 3654 teinische
387 3603 466 3654 nicht
479 3604 625 3674 grundlicls
643 3605 768 3657 erlernen
779 3606 862 3659 lasse.
900 3607 991 3659 Selbst
1011 3611 1079 3659 Cato
1097 3611 1164 3662 liesz
1181 3611 1242 3662 sich

236 3717 289 3749 von
310 3700 420 3750 Ennius
435 3697 613 3776 ziberzengen,
632 3701 684 3753 wie
699 3707 795 3770 spciter
821 3704 870 3754 der
889 3704 907 3766 j
915 3709 960 3763 sin
969 3723 1063 3771 gere
1094 3707 1240 3776 Scipio

232 3813 287 3845 von
298 3797 351 3845 Lu
362 3815 376 3845 e
387 3797 398 3845 i
411 3795 423 3844 l
432 3797 443 3846 i
453 3814 504 3847 us·
539 3796 668 3864 Scipione
686 3799 745 3849 viro
764 3797 889 3851 Lucilius
908 3801 1036 3866 puerulus
1054 3811 1124 3855 erat.

268 3907 281 3946 1
325 3893 387 3945 Sat.
407 3891 448 3953 ll,
470 3908 496 3955 ι,
516 3891 557 3961 75.
646 3950 654 3968 .

268 4006 283 4039 2
319 3991 391 4046 End.
412 3991 435 4051 l,
457 4007 500 4051 ιο,
528 3991 561 4042 46
580 4010 640 4061 sqq.

268 4085 283 4135 3
318 4087 390 4136 Ean.
411 4085 434 4148 l,
458 4102 480 4150 ι,
502 4101 543 4138 20.
