2580 4756
699 295 743 357 82

221 496 314 539 ‹nern
345 472 477 560 vestigia
508 472 735 536 latuissent-
755 471 956 538 desiderabat
969 493 1048 539 vcro
1067 475 1232 542 illamdis-

225 593 370 676 ciplinae
391 590 550 676 studiique
568 589 748 655 assiduitate
768 604 897 674 partam
914 591 1229 678 diligentiam-illam

234 711 398 776 doctrinae
418 709 578 793 rationem
594 722 627 775 et
640 710 944 788 conformationem,
954 733 1048 795 *quse
1069 712 1142 777 rim
1156 733 1231 797 pre·

236 829 495 894 movetinsitam.
520 826 629 912 Quam
640 827 700 894 nisi
712 828 913 892 intellexisset
927 827 1120 895 scissione
1140 831 1229 919 signi·

237 949 331 1012 ficari
347 945 582 1032 Quintilianus,
602 968 668 1011 non
690 967 763 1012 sane
787 949 933 1012 tacuisset
947 948 1166 1034 -curabeJ‘us
1178 952 1229 1035 ju-

235 1066 319 1135 dicio
333 1065 393 1130 sibi
413 1064 660 1148 discrepandum
674 1064 847 1129 videretur.
872 1066 980 1151 Atque
996 1067 1082 1132 brie
1101 1067 1229 1152 quidem

236 1183 491 1268 interpretationi
523 1183 629 1266 ipsum
643 1183 806 1248 Lucilium
819 1187 1055 1272 suffragantem
1069 1186 1230 1257 babemus

236 1303 348 1368 Dicere
380 1302 468 1366 enim
498 1301 638 1378 solebat,
668 1324 705 1366 ea
735 1324 818 1387 quae
845 1304 1019 1381 scriberet,
1049 1327 1168 1391 ineque
1194 1307 1230 1371 sb

233 1421 457 1488 indoctissimis
481 1442 513 1483 se
541 1440 646 1504 neque
674 1419 716 1483 ab
731 1420 922 1487 doctissimis
942 1421 1006 1508 legi
1026 1425 1231 1508 velles-quod

237 1539 328 1604 alteri
348 1539 427 1602 nihil
444 1537 677 1623 intelligerent,
701 1537 884 1622 alteriplus
896 1542 1027 1604 sortasse
1044 1562 1149 1625 quam
1162 1541 1231 1626 mse.

225 1657 350 1742 >Itaque
376 1654 531 1738 Scipionis
550 1655 602 1719 ille
628 1669 663 1720 et
688 1657 802 1722 Rutilii
819 1670 851 1721 et
876 1656 972 1721 Persii
982 1703 997 1735 ,.
1013 1660 1234 1726 exercitatione

239 1789 271 1841 et
293 1773 457 1858 discipline
473 1774 655 1850 subactum,
672 1775 833 1857 judicium
854 1775 1129 1843 relormidabatb

285 1895 373 1958 Illius
385 1914 461 1958 vero
473 1916 491 1956 a
501 1891 858 1978 Quintilianolandatae
870 1895 1058 1959 eruditionis
1070 1917 1147 1980 pars
1158 1897 1235 1962 exis·

229 2013 384 2075 „timenda
406 2024 473 2087 est,
488 2013 576 2095 quod
587 2010 722 2076 assellio
739 2012 788 2076 vir
800 2013 1237 2104 diciturcpprimeditsgw

230 2130 391 2198 „Latinae
415 2131 546 2205 scieas,
571 2142 668 2215 atque
688 2130 722 2192 in
745 2151 859 2195 eorum
877 2153 1054 2195 numerum
1078 2137 1235 2209 refertur,

234 2249 298 2337 qui
311 2250 504 2334 purissime
535 2261 610 2312 sunt
632 2247 730 2312 locuti
743 2246 769 2314 ².
815 2247 1039 2333 Quamobrem
1059 2253 1169 2338 gravis
1190 2253 1239 2336 ip·

241 2371 303 2432 sius
321 2390 384 2432 esse
400 2365 520 2431 solebat
540 2387 636 2449 penes
660 2368 801 2431 rhetores
819 2382 851 2432 et
870 2370 1100 2455 grammaticos
1123 2385 1236 2437 aucto·

240 2488 330 2553 ritas.
361 2485 477 2571 Itaque
502 2488 589 2570 apud
611 2483 793 2552 Varronem
817 2487 974 2573 legimus:
1000 2489 1146 2556 «Etiam
1167 2492 1241 2554 illud

241 2620 362 2695 putant
391 2626 454 2671 esse
478 2626 591 2671 causae
614 2625 697 2689 quor
720 2625 787 2668 non
806 2604 847 2669 sit
866 2604 1034 2690 analogia,
1057 2610 1150 2692 quod
1173 2609 1240 2673 Lu·

246 2727 334 2789 cilius
345 2723 477 2790 scribit:
502 2724 622 2793 decussi
633 2723 698 2788 siue
712 2723 894 2788 decursibus
904 2737 981 2788 est»
1005 2725 1165 2791 Videmus
1175 2727 1243 2790 Lu·

246 2845 320 2911 cilio
329 2856 406 2907 teste
415 2855 447 2906 et
458 2856 588 2906 auctore
598 2863 668 2906 usos
680 2863 743 2906 esse
756 2841 812 2925 qui
823 2855 926 2906 aetate
938 2842 966 2905 ei
977 2843 1122 2926 proximi
1135 2858 1243 2910 essent.

248 2963 317 3045 lpse
339 2982 415 3026 vero
426 2960 530 3028 Varro
541 2980 637 3023 suum
644 2958 803 3042 judicium
817 2959 983 3024 Luciliano
995 2961 1170 3045 aliquando
1186 2983 1246 3046 op-

247 3081 362 3169 posuit.
387 3079 485 3145 Addit
497 3078 584 3142 eninr
592 3077 627 3141 iis
639 3099 722 3162 quae
739 3077 862 3141 (linerat
875 3095 893 3136 ι·
907 3103 925 3146 u
938 3078 1003 3164 Qui
1022 3094 1148 3157 errant,
1161 3082 1247 3168 quod

285 3387 298 3426 ι
336 3371 379 3420 De
398 3370 477 3420 Orat.
497 3363 540 3428 ll,
559 3365 588 3428 6,
607 3363 650 3415 25.
685 3367 948 3437 D2F1·n.1,3‚7.
1016 3372 1020 3390 ¹

284 3486 301 3519 α
336 3464 587 3527 xvrrr,5‚10.
612 3461 673 3525 tx,
706 3462 748 3514 ¹4.
782 3465 961 3518 Macros.
997 3443 1115 3519 samis.
1138 3462 1206 3528 vr,
1224 3481 1250 3534 9.

255 3566 398 3619 Gellius
416 3563 484 3624 111,
504 3562 548 3627 14,
568 3575 614 3614 tor
642 3584 657 3614 a
677 3560 736 3612 Jarn
753 3561 781 3612 in
797 3561 924 3615 vicesimo
941 3563 1108 3615 manifestius
1125 3562 1254 3616 Lucilius

252 3665 397 3715 dimidiam
421 3659 515 3714 boram
541 3659 631 3710 dicero
658 3657 843 3712 studiose
867 3662 958 3728 sugit,
981 3661 1027 3711 scd
1054 3679 1105 3727 pro
1133 3661 1253 3712 dimidia

252 3762 395 3812 dimidium
420 3759 497 3825 ponit
522 3758 550 3807 ia
574 3756 647 3809 bisce
672 3758 814 3809 versibus:
856 3762 1075 3828 Tempestate-
1096 3758 1169 3810 Nam
1192 3776 1252 3810 cnm

254 3857 366 3910 obvium
386 3857 594 3923 proximumque
612 3863 679 3905 esset
696 3854 786 3906 dicere
804 3865 832 3905 et
850 3855 920 3905 bora
938 3855 1060 3906 dimidia
1077 3853 1167 3907 tribu'
1186 3874 1253 3906 corr-

243 3958 353 4028 sectr's‚
382 3954 555 4019 vigilate
584 3961 826 4020 attenteque
854 3953 965 4006 verbnm
990 3970 1044 4006 non
1062 3955 1254 4020 probumrnu-

254 4054 361 4106 tavit.»
