2580 4756
609 360 670 418 184

133 545 311 619 testentur,
346 544 458 601 tamen
496 545 619 595 constat
646 531 812 596 Horatiani
843 533 1031 614 interpretis
1055 534 1139 596 tosti·

134 650 257 715 munic.
307 648 437 714 «Liber
471 649 588 713 Lucilii
617 649 761 712 decimus
797 662 904 716 sextus
939 648 1075 736 Collyra
1096 650 1139 712 in·

133 767 287 831 scribitur
308 786 346 833 eo
370 768 459 851 quod
479 768 518 829 de
539 764 670 850 Collyra
692 766 797 830 amica
818 787 876 830 sua
887 767 1028 849 scriptus
1039 769 1082 832 sit
1092 767 1139 830 ¹.»

136 883 233 947 Hunc
263 896 375 947 autem
400 882 523 947 librum
549 883 666 947 Fundii
691 884 816 947 nomini
838 885 1001 967 inscripsit
1013 885 1041 950 ².
1087 885 1142 949 Vi·

138 1007 232 1069 detur
266 1002 319 1068 hic
353 1001 476 1066 villicus
511 1002 629 1078 fuisse,
665 1022 765 1086 quem
801 1002 954 1067 carminis
989 1003 1084 1067 initio
1103 1003 1141 1066 ita

138 1119 362 1203 compellavit:

146 1262 173 1285 ν
226 1236 345 1302 Fundi
357 1279 367 1312 ,
389 1235 529 1300 delectet
553 1248 585 1300 te
608 1239 746 1313 virtus,
769 1238 908 1301 villicu’
932 1240 1060 1324 paullo

227 1352 415 1418 Streouior
437 1357 472 1417 si
497 1357 646 1418 evaseris
657 1354 685 1419 3.

141 1475 198 1537 Est
218 1471 344 1537 Horatii
362 1473 403 1534 ad
425 1471 572 1535 villicum
591 1493 691 1534 suum
708 1471 864 1554 epistola,
887 1495 990 1556 quem
1016 1474 1060 1538 ob
1080 1489 1143 1538 stu·

141 1592 272 1655 diorum
305 1587 556 1655 inconstantiam
579 1588 723 1674 castigat.
768 1589 915 1656 Fortasse
938 1611 1088 1672 expressa
1105 1605 1143 1653 est

141 1730 181 1771 ex
201 1704 344 1781 Lucilio,
368 1704 514 1789 pariter,
539 1717 576 1768 ut
592 1705 761 1779 videmus,
785 1705 932 1769 villicum
950 1706 995 1768 ob
1014 1706 1143 1791 segniti·

141 1847 196 1892 em
227 1825 425 1907 increpante.
480 1821 572 1887 Nacti
605 1842 730 1887 novum
764 1825 993 1908 fragmentum
1026 1844 1143 1897 sumus,

143 1944 234 2026 cujus
254 1954 385 2026 partem
408 1941 506 2004 etiam
527 1938 680 2004 Horatius
698 1939 868 2021 usurpavit
891 1940 926 2003 in
943 1961 982 2003 ea
995 1941 1063 2023 ipss
1082 1939 1141 2023 epi·

143 2063 232 2123 stola.
280 2058 396 2124 Lucilii
418 2078 525 2123 versus
549 2070 616 2124 est:

435 2197 481 2229 -·‘-
498 2198 563 2262 per
585 2175 766 2261 inhospita
790 2187 907 2260 tesqua
928 2152 1111 2263 vagantem

190 2293 322 2360 Rerum
339 2296 458 2357 auimo
483 2295 644 2378 sequitur
660 2304 847 2378 capturum
856 2295 987 2380 gratia
999 2290 1145 2380 major&

147 2413 212 2498 Qui
248 2410 396 2496 quamvis
426 2413 466 2474 ad
496 2423 626 2475 sextum
659 2391 825 2474 decimum
849 2410 974 2474 librum
995 2411 1147 2493 pertinere

147 2532 319 2606 videatur,
341 2543 453 2593 tamen
475 2532 517 2593 ad
549 2529 674 2593 librum
692 2531 872 2593 secundum
897 2533 1040 2593 relatum
1060 2530 1147 2594 uide·

149 2670 233 2712 mus.
279 2644 495 2731 Sedmonere
517 2645 678 2710 Ausonius
695 2646 839 2721 videtur,
864 2659 901 2710 ut
925 2646 1149 2728 existimemus,

150 2767 315 2831 Lucilium
336 2765 444 2829 fecisse
466 2765 559 2846 villae
585 2776 642 2827 aut
671 2763 802 2827 villulae
823 2784 898 2827 suae
920 2764 1040 2827 alicubi
1063 2784 1149 2826 men·

151 2882 274 2946 tionem
287 2880 314 2945 5.
361 2880 476 2964 Itaque
506 2880 679 2943 verisimile
715 2880 811 2962 plane
840 2892 910 2948 est.
934 2881 998 2942 huo
1023 2880 1106 2944 libro
1124 2881 1152 2942 il

154 3003 295 3075 iactum,
305 3011 338 3063 et
352 2999 546 3082 reprehenso
554 2997 581 3061 F
582 2998 682 3060 undio
691 2996 888 3080 laudatique
899 2996 978 3060 villa
990 2998 1025 3060 in
1033 2995 1153 3083 Collyra

154 3116 344 3180 celebranda
357 3134 456 3198 porro
468 3126 633 3177 versatum
650 3118 784 3197 positam
799 3113 904 3177 fuisse.
928 3113 1062 3179 Praeter
1071 3114 1153 3178 illam

153 3234 281 3299 videtur
301 3232 397 3296 aliam
422 3231 562 3295 amicam
586 3231 752 3308 habuisse,
776 3231 828 3296 cui
852 3219 971 3296 Cretes
993 3252 1116 3297 nomen
1129 3227 1153 3293 ⁶.

187 3445 199 3481 ι
238 3428 269 3479 A
278 3436 409 3480 octar.
423 3437 490 3497 post
504 3431 606 3478 Comm.
622 3430 705 3497 Oruq.
726 3443 755 3492 p.
766 3425 883 3496 689sad
898 3431 990 3482 Hor.
1012 3429 1063 3479 Od·
1079 3422 1157 3487 [nr.

155 3526 200 3578 ef.
217 3528 300 3595 Disp.
320 3543 380 3576 mea
398 3527 431 3576 de
449 3527 483 3574 L.
502 3523 588 3575 Aelio
610 3523 676 3574 Stil.
699 3539 728 3589 p.
747 3523 790 3576 58.

190 3642 206 3674 2
242 3620 310 3685 Sup.
329 3638 356 3685 p.
374 3617 420 3671 45.

190 3716 206 3766 5
240 3716 368 3766 Prisc.
388 3712 497 3776 111,2.
533 3715 648 3785 Fragm.
667 3714 757 3777 xv1,
782 3713 809 3764 5.
848 3712 936 3765 Krehl
963 3713 1160 3765 evaserise

157 3811 237 3864 codd.
249 3811 385 3864 exhibuit.
404 3809 524 3862 Videtur
535 3820 624 3864 sutem
645 3813 762 3865 delectet
773 3830 827 3882 pro
839 3812 964 3863 delectat
981 3809 1161 3863 scribendum.

191 3910 209 3961 4
242 3908 438 3960 ctsarrh
457 3910 528 3960 Adv.
548 3900 616 3968 XV,
636 3910 662 3962 ὅ.

191 4005 207 4054 5
242 4003 285 4054 cf.
306 4021 384 4068 supra
409 4022 435 4068 p.
457 4021 515 4072 ¹29·
633 3996 638 4001 ’

186 4103 202 4148 6
244 4105 291 4152 Pr.
311 4102 366 4150 iac.
387 4104 428 4155 26·
447 4102 491 4152 Cf·
515 4105 625 4170 Varg·
645 4104 776 4169 Quaestl.
800 4101 889 4150 Lucil.
911 4118 936 4166 p.
957 4101 1001 4151 ⁵3.
