2580 4756
611 391 674 452 139

118 569 170 632 ·in
198 569 256 644 iis,
280 568 336 652 qui
357 568 457 651 spurii
479 580 667 643 censentur,
692 567 816 632 Horatii
840 569 981 634 versibus
1006 569 1049 633 ita
1070 591 1144 634 rne-

133 694 305 753 moratum
326 687 489 752 videmus:

183 806 328 883 Lusio,
351 829 457 892 quom
479 808 531 870 sis
548 805 746 883 mendosae,
771 818 854 871 teste
870 807 1012 885 Catone,

184 925 372 1012 Defensores
392 938 451 990 tuo
466 972 475 1003 ‚
488 929 712 1012 pervincum,
732 929 795 1013 qni
812 927 903 991 mols
915 927 1035 1014 foetos

166 1042 382 1106 Emendare
400 1056 512 1129 porat
535 1067 663 1110 versus.
709 1044 781 1110 Hoc
803 1045 916 1110 lenius
936 1045 1023 1121 ille,

186 1162 262 1250 Quo
286 1162 412 1226 melior
434 1165 492 1226 vir
516 1162 635 1239 adest,
662 1163 761 1253 longe
777 1164 948 1229 subtilior
970 1164 1095 1229 itto-

140 1281 234 1366 Quae
265 1295 448 1366 sequuntur
467 1284 534 1366 jam
554 1283 726 1348 retulimus
743 1297 775 1349 et
792 1283 953 1348 illustrare
973 1285 1078 1349 conati
1094 1305 1152 1348 sn·
1213 1322 1221 1341 .

141 1423 229 1466 mus.
274 1400 430 1487 Longum
462 1415 526 1478 est,
558 1423 619 1466 nec
641 1402 829 1487 quidquam·
853 1403 971 1467 attinet
989 1423 1154 1468 recensere

144 1520 248 1584 varias
280 1520 487 1586 eruditorum
519 1521 686 1604 opiniones
716 1524 756 1586 de
786 1520 930 1587 versibus
959 1521 1030 1599 illis.
1080 1518 1154 1584 Non

144 1653 258 1703 autern
292 1639 486 1704 haesitamus
506 1640 543 1703 iis
566 1640 725 1717 assentiri,
743 1638 802 1726 qui
821 1661 873 1705 eos
894 1640 936 1704 ab
959 1639 1087 1705 Horatii
1100 1661 1156 1704 sa·

146 1757 209 1822 tira
238 1760 335 1841 plane
363 1756 483 1823 alienos
517 1758 717 1835 existimant,
751 1780 789 1824 ae
818 1759 1023 1842 suspicentur
1047 1757 1090 1821 ab
1119 1779 1157 1821 eo

145 1877 236 1962 prius
272 1877 465 1960 compositos
495 1878 610 1942 deinde
641 1878 825 1961 repudiatos
848 1891 882 1942 et
898 1879 933 1940 in
952 1888 1159 1941 commenta-

147 1997 211 2061 rios
229 1998 368 2062 reclusos
386 2017 460 2060 esse.
498 1994 650 2061 Inventos
673 2004 746 2079 post
768 1994 899 2059 obitum
922 2000 1037 2078 poetae
1052 1997 1160 2060 delere

148 2119 338 2191 noluerunt,
359 2117 437 2190 sed,
461 2114 518 2179 nbi
543 2115 576 2180 id
596 2115 858 2180 commodissime
875 2112 948 2180 fieri
967 2135 1056 2198 posse
1068 2115 1160 2180 vidc-

149 2237 266 2311 batur,
290 2234 539 2317 praemiserunt.
586 2235 745 2299 Referunt
766 2247 876 2298 autem
900 2232 1025 2302 Horatii
1035 2234 1161 2311 stilum,

151 2376 261 2439 neque
284 2355 352 2437 ejus
384 2352 479 2418 Musd
500 2353 626 2440 indigni
648 2367 735 2418 sunt.
780 2353 942 2419 Videntur
966 2368 1077 2418 tamen
1100 2374 1163 2435 po-

150 2474 215 2539 tius
245 2473 413 2537 inchoatae
438 2473 554 2537 satirae
585 2473 715 2536 initium
750 2473 860 2547 fuisse,
883 2493 985 2556 quam
1000 2473 1165 2557 epigram·

151 2592 247 2657 ma1.
295 2590 420 2668 Causa,
457 2612 515 2657 cur
547 2611 599 2655 eos
621 2591 769 2674 rejecerit
785 2595 902 2672 poeta,
927 2611 1004 2654 curn
1025 2590 1097 2653 satis
1127 2612 1166 2653 ex

155 2713 214 2787 iis,
258 2732 341 2795 quae
374 2732 474 2794 supra
505 2710 742 2793 disputavimus
775 2712 816 2773 de
846 2711 1166 2797 grammaticorum

154 2831 312 2917 equitum
335 2828 586 2904 doetissimfl,
610 2827 726 2892 confici
748 2827 865 2911 possit,
888 2841 1000 2892 tamen
1012 2847 1066 2890 me
1077 2825 1168 2911 judi-

154 2971 194 3014 ce
224 2949 323 3013 etiam
355 2947 483 3012 aliunde
514 2950 653 3031 petenda
684 2959 740 3011 est.
786 2943 940 3030 Suspicor
970 2947 1078 3022 enim,
1102 2964 1169 3030 quo
1240 2984 1242 2991 ·

156 3083 308 3151 ternpore
332 3065 491 3132 Catonem
514 3065 665 3131 Horatius
684 3079 838 3150 paratum
861 3065 1019 3131 indicaret
1035 3067 1076 3129 ad
1097 3063 1171 3128 Ln-

159 3186 225 3252 cilii
254 3189 338 3251 ntale
369 3190 469 3251 factos
504 3207 610 3251 uersus
645 3186 881 3261 emendandos,
910 3197 967 3248 aut
995 3184 1103 3248 subito
1131 3184 1171 3247 de

160 3317 290 3369 mutato
327 3304 541 3369 emendatoris
573 3304 703 3368 consilio
742 3317 799 3368 arrt
834 3307 874 3368 de
904 3306 971 3387 ejus
1003 3303 1171 3385 repentina

161 3437 271 3488 morte
302 3424 474 3488 certiorem
499 3427 623 3489 factum
647 3445 710 3487 esse
733 3424 886 3506 aliudque
908 3422 1022 3486 satirae
1045 3421 1172 3484 exordi-

162 3565 223 3606 um
243 3557 352 3607 mente
375 3544 518 3628 agitasse.
564 3540 653 3626 Quin
675 3542 775 3606 verba
798 3542 851 3605 illa
874 3539 1087 3627 ntalefoetos
1100 3561 1174 3603 oer-

164 3687 224 3726 sus
248 3665 345 3746 paulo
361 3663 537 3726 immutata
554 3661 693 3726 servavit
715 3661 749 3723 in
772 3661 887 3736 satira,
900 3681 983 3744 quae
1006 3661 1175 3724 inchoatae

203 3995 216 4029 ι
255 3980 506 4046 Dt'c'ntzerOp·
526 3978 547 4029 I.
566 3994 594 4043 p.
614 3975 1034 4044 249·Cts.JocobsVerm.
1057 3973 1174 4030 octav

168 4073 218 4126 235
236 4093 298 4144 sqq.
323 4074 511 4124 Lersclal.
531 4074 551 4125 l.
1200 4065 1203 4069 ⁵

201 4191 217 4225 2
254 4171 321 4238 Sap.
340 4189 367 4238 p.
388 4170 447 4224 123.
