2580 4756
540 427 582 489 43

481 640 526 652 -
548 602 631 668 dum
653 603 755 668 miles
777 603 927 669 Hiberus

104 723 254 800 Terras,
270 745 316 786 -ac
338 733 443 788 ntem
467 733 520 786 tet·
542 744 601 786 sec
616 733 728 786 actutu
750 725 853 809 quoti
863 720 996 788 onnos¹
1011 742 1018 801 3

54 846 148 909 unde
174 843 385 907 manifestum
424 853 541 927 putat,
577 842 646 923 diu
663 842 698 905 iu
721 840 874 926 Hispania
901 842 1065 907 Lucilium

48 963 180 1042 ·iuisse;
204 982 243 1026 ex
262 983 327 1046 qua
350 960 504 1045 opinione
523 963 634 1026 locum
647 960 812 1045 priorem,
833 961 879 1028 sio
901 975 939 1027 ut
963 961 1068 1027 edidi-

58 1101 155 1158 mus,
166 1079 334 1145 restituere
345 1092 478 1144 conatus
489 1090 546 1144 est.
569 1072 636 1143 Ter
658 1099 712 1144 sex
724 1078 800 1144 enni
813 1091 971 1164 tanquam
984 1092 1068 1146 aetas

60 1199 93 1265 oi
114 1197 241 1264 dictum
254 1198 402 1276 videtur3
423 1216 524 1284 quare
542 1196 764 1284 duodeviginti
777 1216 877 1263 annos
893 1197 927 1262 in
949 1196 1070 1284 Hispa·

60 1318 120 1383 nia
154 1316 296 1382 Lucilius
327 1315 475 1383 tainett.
520 1314 630 1401 Quam
660 1318 730 1382 leve
752 1318 816 1382 hoc
836 1328 1071 1404 argumentum

61 1435 128 1512 tit,
164 1434 378 1522 intelligitur,
411 1434 572 1519 siquidem
597 1433 697 1500 rerba
730 1457 768 1500 ea
789 1456 856 1501 non
879 1434 995 1501 Lucilii
1014 1437 1071 1502 sed

62 1553 147 1620 alius
178 1555 267 1637 apud
294 1572 372 1618 eum
397 1552 529 1619 dicentis
557 1574 621 1618 esse
643 1566 831 1638 potuerunt.
875 1553 949 1620 Non
971 1554 1072 1642 igitur

63 1692 267 1760 magnopere
296 1671 333 1742 iis
357 1668 457 1737 fidem
474 1671 574 1738 hebet
592 1669 735 1759 vargas,
756 1672 810 1738 cui
828 1685 939 1738 tamen
959 1670 1074 1738 remi·

44 1791 175 1856 -milius
195 1803 264 1868 est,
311 1790 475 1856 Lucilium
510 1791 546 1855 in
572 1786 724 1875 Hispania
754 1790 917 1877 quaestori
940 1789 1072 1856 cuidem

66 1907 339 1978 contubernalem
362 1908 476 1986 fuisse,
499 1910 659 1994 suspicato
681 1930 719 1973 ex
745 1909 793 1974 uis
815 1908 978 1974 versrltus:

114 2026 261 2094 Putttc’
283 2025 396 2093 Pocu'
419 2025 514 2091 mitt
536 2024 724 2092 Tuditocu'
747 2038 909 2115 quaestor
920 2023 1053 2093 Hibero

55 2129 68 2182 .'
115 2145 162 2212 In
180 2157 277 2211 terra
290 2144 374 2234 fuit
395 2142 592 2234 lucifugu',
614 2143 757 2222 nebulo,
780 2144 822 2211 id
838 2147 941 2235 gettu’
954 2145 1075 2212 rauel.

64 2262 136 2332 =sed
160 2267 267 2330 multo
283 2263 435 2349 equidem
457 2263 657 2348 probeltillus
675 2277 778 2350 pato,
793 2262 916 2330 referri
937 2261 1017 2330 liaeo
1036 2265 1078 2331 ad

60 2395 260 2470 praetorem
294 2395 463 2465 oportere,
490 2383 731 2467 praedicantem
760 2382 864 2468 qualis
885 2382 945 2448 sihi
972 2404 1010 2448 ea
1041 2383 1078 2446 in

69 2500 205 2590 regione
227 2514 377 2587 quaestor
412 2501 545 2567 luisset
567 2500 652 2570 Utut
666 2514 735 2579 est,
758 2502 947 2590 ignoramus
963 2513 1078 2566 utrum

73 2619 310 2706 aliquantisper
344 2619 379 2683 lu
409 2617 563 2704 Hispania
606 2621 780 2696 meruerit,
801 2641 846 2684 an
867 2615 1079 2703 Scipionem,

72 2741 226 2806 confecto
257 2734 456 2821 Hispaniensi
487 2738 593 2815 bello,
632 2737 893 2822 triumphantem
936 2735 1080 2802 Romam

72 2871 204 2941 mentm
224 2856 276 2923 sit.
321 2856 370 2923 Ea
397 2858 552 2942 quidem,
577 2877 661 2942 quae
679 2876 778 2940 cupre
797 2853 1080 2940 disputarimw,

36 3054 39 3058 ,
74 2970 318 3044 amaranthus
345 2957 633 3062 sesquinona
657 2968 861 3041 aestiment
886 2989 968 3060 pua
987 2979 1081 3043 socc

122 3095 316 3184 Ignoramus
350 3115 451 3181 quem
482 3094 594 3159 aetatis
615 3108 740 3160 annum
761 3093 909 3182 attigerit
931 3094 1080 3174 Laelius;

76 3213 235 3300 Scipionis
268 3234 347 3280 vero
374 3225 504 3291 morte,
536 3234 621 3300 quae
651 3215 716 3278 625
750 3209 843 3303 (129)
868 3212 1085 3300 quadriennio

78 3345 154 3420 post
181 3333 326 3400 reditum
359 3351 399 3401 ex
433 3331 588 3418 Hispania
603 3332 734 3411 accidit,
755 3332 886 3399 orbatus
904 3346 950 3398 est
970 3329 1086 3419 insigni

80 3455 179 3540 hujus
197 3454 258 3520 viri
281 3451 424 3519 amicitia
443 3452 584 3519 Lucilius
606 3455 755 3518 nondum
772 3452 888 3540 viginti
908 3471 1007 3516 annos
1024 3473 1088 3517 na·

80 3585 144 3639 tus.
201 3569 265 3638 Sed
295 3592 401 3658 quum
434 3573 531 3658 hujus
559 3571 754 3638 desiderium
787 3569 967 3657 superstitis
1001 3568 1086 3635 illius

120 3899 133 3936 ι
169 3883 242 3936 Iled.
260 3879 329 3948 XV,
349 3897 394 3937 ro.

118 3998 137 4036 2
174 3979 276 4051 spicil.
293 3997 322 4049 p.
338 3980 399 4053 786.
418 3980 511 4050 (Gru
523 3990 546 4036 t.
563 3983 663 4052 Lamp·
687 3979 757 4052 IV).

17 4131 27 4136 „
60 4095 63 4099 ·
120 4076 137 4129 δ
171 4074 521 4144 uncturuxlm.

119 4174 138 4229 t
170 4189 200 4244 p·
219 4172 262 4228 15.
