2580 4756
612 403 673 466 137

131 568 224 644 sunt.
271 576 388 642 Lucilii
422 599 499 643 vero
523 579 548 642 si
582 579 691 643 minus
722 580 850 657 subito,
879 595 989 646 tamen
1009 581 1146 646 nonita

134 700 246 762 multo
269 710 360 781 post,
384 718 485 781 quam
508 697 592 762 edita
617 700 730 776 fuere,
755 698 883 784 legendi
911 700 1064 764 studiosos
1086 702 1148 762 ha·

136 816 265 890 buisse,
300 818 388 879 haud
424 815 544 899 injurii
579 816 790 883 arbitramur.
835 817 939 895 Nam,
971 818 996 882 si
1031 839 1148 883 verum

134 933 302 1010 vidimus,
328 935 400 998 viro
424 938 537 1017 politae
560 933 741 999 inauditam
764 937 903 1022 gloriam
927 936 1047 1024 ingenii
1060 939 1149 1021 quod

136 1053 284 1119 condidit
328 1062 585 1117 monumentum
620 1051 817 1120 conciliavit.
875 1054 1051 1140 Utcunque
1085 1068 1148 1131 est,

137 1182 316 1259 postquam
350 1186 526 1236 excesserat
556 1193 574 1237 e
604 1173 671 1238 vita
699 1172 842 1237 Lucilius
876 1187 933 1238 aut
950 1194 990 1237 ex
1013 1173 1095 1238 urbe
1116 1173 1150 1236 in

136 1291 289 1356 exsilium
313 1293 476 1374 profectus
499 1305 586 1368 erat,
616 1292 869 1357 duumvirorum
885 1292 997 1357 studiis
1014 1297 1152 1376 polima-

139 1424 215 1474 tum
244 1411 311 1493 ejus
347 1411 436 1474 fama
469 1431 506 1474 ac
543 1408 713 1476 celebritas
743 1408 892 1476 increvit.
938 1410 1085 1476 Fuerunt
1118 1410 1152 1474 hi

140 1528 300 1594 Laelius
323 1527 541 1593 Archelaus
563 1541 596 1594 et
617 1527 1057 1605 VectiusPhilocomus,
1083 1530 1150 1594 Lu·

139 1647 205 1713 cilii
227 1647 295 1712 sine
311 1646 412 1711 dubio
432 1650 603 1732 aequales,
632 1648 760 1712 aliunde
781 1669 858 1712 vero
878 1648 969 1712 noble
987 1670 1055 1712 non
1072 1649 1152 1714 noti.

142 1765 227 1832 Nam
242 1780 376 1841 certum
390 1779 438 1831 est
451 1812 460 1844 ,
473 1767 589 1848 illurn,
603 1765 813 1874 qui‘Varroni
825 1781 859 1831 et
871 1764 975 1831 Plinio
984 1787 1155 1832 memora·

141 1900 207 1963 tur,
223 1885 433 1962 Archelaum,
447 1886 570 1971 quique
581 1886 737 1968 scripsisse
749 1889 787 1950 de
799 1885 992 1951 animalibus
1003 1889 1110 1950 fertur
1120 1888 1145 1963 l,

140 2006 245 2070 aliurn
265 2005 371 2070 fuisse.
395 2004 495 2069 Paulo
514 2004 648 2089 quidem
666 2006 789 2088 majore
799 2005 873 2088 jure
885 2004 999 2089 aliquis
1011 2005 1156 2090 suspica-

140 2138 199 2188 tur
212 2169 222 2199 ,
237 2121 278 2208 Q.
292 2122 462 2199 Laelium,
481 2123 538 2208 qui
549 2145 588 2186 ex
600 2122 801 2206 principibus
811 2121 1043 2187 Grammaticis
1059 2124 1154 2188 fuisse

141 2253 175 2307 et
189 2241 313 2306 librum
330 2263 427 2307 suum
447 2239 638 2325 inscripsisse
657 2244 761 2306 fertur
772 2239 812 2305 de
829 2243 933 2306 vitiis
944 2241 1154 2307 virtutibus-

141 2384 212 2448 que*
222 2363 464 2448 poimatorum
476 2359 503 2438 A,
526 2349 604 2425 eum
618 2380 693 2437 esse,
709 2381 808 2445 quem
822 2362 1020 2426 Archelaum
1033 2383 1157 2448 eogno-

97 2516 99 2521 ·
142 2480 310 2544 minatum
342 2478 572 2563 comperimus.
618 2478 763 2543 Tantum
789 2501 866 2545 vero
892 2493 1035 2556 constat,
1059 2480 1157 2543 liber·

147 2597 233 2662 tinos
266 2596 381 2675 luisse3
418 2599 549 2661 sortasse
572 2595 749 2661 Archelaus
768 2595 868 2659 Laelii
889 2595 1061 2678 sapientis,
1080 2595 1159 2659 Phi-

143 2719 291 2782 locomus
317 2715 382 2804 (alii
397 2710 617 2799 Philochorus)
633 2711 739 2780 Vectii
758 2715 925 2797 cujusdam
938 2713 1072 2778 libertus
1085 2714 1157 2780 fuit.

144 2833 245 2920 Quod
276 2854 343 2897 non
366 2836 473 2897 solum
494 2832 568 2896 inde
592 2830 746 2909 efficitur,
770 2833 860 2916 quod
882 2844 1009 2915 praeter
1031 2831 1159 2896 liberti-

143 2975 206 3020 nae
226 2953 416 3019 conditionis
432 2950 579 3016 homines
602 2949 683 3014 nulli
707 2949 798 3014 initio
810 2949 886 3015 huic
902 2949 1008 3015 studio
1025 2973 1159 3035 operam

145 3061 324 3151 dederunt,
360 3069 596 3137 verumetiam
628 3068 807 3133 Philocomi
830 3069 944 3135 servile
966 3091 1088 3135 nomen
1108 3071 1162 3135 vi-

146 3195 244 3258 detur
266 3188 419 3255 indicare.
446 3188 496 3253 Ita
518 3200 747 3253 memorantur
769 3187 879 3264 Philo,
906 3187 1065 3266 Phileros,
1084 3190 1162 3254 Phi-

145 3283 253 3385 linus,
278 3308 484 3396 Philogenes,
508 3307 722 3394 Philogonus,
745 3306 947 3381 Philotimus,
960 3307 1162 3374 Philoxenus.

147 3426 238 3494 Num
262 3424 300 3494 C.
325 3424 452 3493 Octavii
468 3424 698 3509 Lampadionis
718 3439 753 3489 et
769 3423 811 3510 Q.
830 3424 1021 3510 Vargonteji
1047 3448 1163 3491 exem·

149 3551 207 3632 plo
225 3546 259 3611 in
282 3545 465 3633 diligentius
490 3543 699 3609 retractandis
720 3542 834 3608 Lucilii
861 3543 1059 3609 carminibus
1087 3568 1164 3611 ver-

149 3666 208 3730 sati
237 3666 323 3742 sint,
350 3664 498 3747 deinceps
527 3661 630 3748 magis
656 3673 841 3745 opportune
863 3682 1069 3748 quaeremus.
1100 3663 1163 3732 Sed

152 3798 275 3849 constat
308 3781 539 3867 interpretandi
569 3801 706 3844 munere
730 3783 858 3846 functos
892 3802 976 3858 esse,
1009 3795 1107 3870 atque
1131 3784 1162 3848 id

188 4088 201 4126 ι
239 4077 284 4126 De
300 4075 337 4125 R.
355 4077 392 4125 R.
413 4073 464 4137 ll,
484 4071 511 4136 5,
531 4071 557 4124 5.
578 4070 623 4124 lll
640 4109 647 4137 ,
667 4087 713 4138 ιι,
731 4072 757 4124 4.
777 4087 820 4138 ιι,
842 4073 869 4126 4.
890 4074 932 4134 ι6,
951 4073 978 4125 4.

187 4190 205 4227 2
242 4173 371 4239 Sosip.
400 4172 512 4224 Char.
532 4173 607 4226 Insl.
631 4173 678 4223 Gr.
700 4168 736 4234 l,
757 4169 818 4223 114·
