2580 4756
538 399 578 462 Π

48 591 121 655 est,
151 601 172 643 a
193 579 288 655 uitae,
315 598 447 642 morum
472 577 745 661 consiliorumque
774 577 1002 663 aequabilitate
1022 588 1055 642 et

46 697 188 763 sanitate
209 699 366 782 profecta.

96 813 215 880 Poetae
255 813 424 901 ingenium
451 815 727 880 adumbraturum
760 813 848 879 subit
873 835 1058 901 quaerere,

50 935 188 997 nullane
225 932 278 996 ille
309 931 426 1016 puerili
456 954 495 998 ac
522 933 658 1018 juvenili
681 932 847 1017 disciplina
868 955 963 1010 usus,
987 937 1060 999 sor-

50 1051 168 1117 mandi
200 1051 319 1137 ingenii
348 1051 577 1136 excolendique
614 1051 737 1117 ratione
774 1052 930 1136 privatus
947 1053 1056 1118 fuerit.

52 1169 143 1235 Rem
155 1190 221 1234 non
231 1169 407 1256 attigimus,
421 1190 527 1256 quum
539 1170 573 1233 in
585 1170 651 1234 vita
662 1170 830 1235 scribenda
840 1170 1060 1238 versabamur.

54 1288 200 1354 Hoocine
212 1288 312 1375 igitur
324 1301 393 1353 tam
406 1309 503 1376 grave
516 1302 722 1355 momentum
735 1289 825 1374 turpi
834 1311 853 1354 a
863 1289 956 1355 nobis
966 1290 1061 1355 silen-

54 1407 104 1474 tio
124 1406 233 1473 omitti
255 1429 293 1472 ac
314 1407 435 1496 negligi
445 1407 575 1492 potuit?
597 1408 698 1474 Abest
709 1411 866 1488 multum;
879 1431 985 1495 neque
993 1413 1062 1475 ullo

55 1527 159 1591 modo
170 1525 456 1602 commisissemus,
480 1538 529 1604 ut,
539 1527 565 1592 si
578 1527 660 1592 levia
672 1527 804 1615 vestigia
814 1530 1061 1613 superfuissent,

56 1644 182 1710 intacta
202 1666 240 1709 ea
257 1645 524 1729 relinqueremus.
549 1643 612 1711 Sed
623 1667 729 1731 quum
740 1647 821 1711 nibil
834 1648 1010 1713 innotuerit
1022 1651 1061 1713 de

57 1764 176 1829 Lucilii
194 1764 404 1842 institutione,
425 1787 574 1851 numqua
600 1786 674 1831 usus
694 1767 736 1832 sit
758 1776 792 1832 et
809 1769 908 1852 quali,
929 1769 1064 1853 conjici·

57 1885 195 1949 endum.
240 1881 328 1969 Quin
348 1881 478 1949 Suessae
508 1884 542 1949 in
565 1883 745 1968 Campania
756 1886 866 1969 prima
877 1887 1062 1971 disciplinae

57 2005 223 2069 elementa
254 2003 459 2086 perceperit,
488 2003 542 2068 vix
563 2003 706 2068 dubitari
723 2017 840 2088 potest.
869 2002 996 2072 Verum
1011 2007 1065 2072 ri·

57 2121 168 2186 dimus
193 2139 295 2197 eum,
330 2121 503 2184 etiamtum
534 2123 827 2200 adolescentulum,
861 2136 965 2188 castra
996 2121 1065 2190 Sci·

56 2238 165 2325 pionis
196 2251 362 2316 secutum3
396 2260 461 2324 qua
480 2252 585 2304 aetate
599 2239 632 2304 in
653 2240 766 2324 primis
791 2241 922 2308 intereat
944 2244 1065 2309 erudiri

55 2379 229 2444 quemque
252 2357 464 2423 humanitatis
489 2359 632 2436 artibus,
668 2372 706 2424 ut
737 2381 809 2425 suos
841 2361 914 2426 inde
941 2365 1065 2429 fructus

57 2489 193 2543 matura
222 2488 312 2543 ⁴aetas
346 2477 513 2560 percipiat.
559 2479 605 2543 At
636 2497 713 2543 uero
741 2481 866 2563 excepit
888 2501 965 2543 eum
988 2481 1067 2545 tiro·

54 2617 142 2661 ‘nem
173 2594 435 2681 familiaremque
464 2618 496 2660 se
527 2597 556 2660 ei
581 2597 732 2679 praebuit
756 2596 885 2681 Scipio,
910 2600 1001 2682 cujus
1026 2600 1067 2664 ad

59 2727 216 2779 naturam
254 2712 408 2778 eximiam
448 2727 546 2799 atque
579 2714 737 2780 illustrem
780 2728 951 2779 accemerat
985 2715 1068 2780 ratio

61 2835 227 2920 quaedam
256 2833 537 2916 conformatioque
560 2831 743 2908 doctrinae,
769 2846 805 2897 ut
826 2854 865 2897 eo
877 2832 1024 2899 videatur
1035 2847 1067 2899 et

60 2953 262 3037 imperatore
296 2952 447 3016 militasse
479 2964 514 3015 ct
548 2951 703 3038 magistro
744 2952 906 3017 didicisse!
943 2954 1070 3032 Audio,

64 3093 169 3158 eaque
190 3069 352 3136 carmensis
369 3071 532 3155 disciplina
545 3071 715 3137 utilissima
739 3073 928 3139 adolescenti
941 3086 974 3138 et
991 3096 1071 3158 per·

62 3204 177 3276 optata
208 3190 281 3255 suit.
326 3187 393 3255 Nec
415 3204 526 3255 tamen
545 3211 584 3256 ec
608 3191 740 3257 valuisse
762 3197 919 3260 censenda
941 3208 1007 3272 est,
1032 3209 1069 3261 ut

63 3310 148 3375 nihil
171 3321 336 3392 praeterea
363 3308 616 3388 desideraretur3
654 3323 808 3396 tantaque
838 3326 906 3376 erat
938 3334 975 3377 ac
992 3334 1071 3396 per·

64 3442 166 3513 petua
189 3425 431 3511 imperatoriae
456 3428 538 3492 seria
561 3429 770 3515 meditatione
793 3433 834 3494 ad
855 3452 904 3494 res
916 3432 1070 3518 gerendas

65 3546 253 3631 militesque
270 3544 453 3629 disciplinae
469 3545 718 3611 assuefaciendus
740 3547 899 3622 avocatio,
913 3560 950 3611 ut
962 3568 1070 3612 exem·

66 3669 124 3750 plo
146 3665 249 3752 magis
269 3661 426 3728 omnibus
449 3687 549 3748 quarn
569 3665 727 3753 singulis
739 3665 892 3751 singulari
912 3667 1070 3749 praesidio

67 3787 355 3874 emolumentoque
375 3804 438 3846 esse
460 3796 574 3867 posset.
621 3783 735 3868 Itaque
758 3784 928 3861 credibile,
952 3786 1071 3850 crebris

67 3903 244 3986 subitisque
258 3883 541 3976 cohortationibus,
562 3923 628 3964 non
650 3905 757 3966 sedula
775 3925 813 3968 ac
837 3903 981 3990 diligenti
1005 3904 1072 3968 dis-

70 4021 186 4104 ciplina
222 4021 335 4084 Inroilii
378 4020 544 4106 ingenium
581 4021 758 4085 invaluisse.
810 4019 951 4105 Quodsi,
983 4026 1071 4105 quod

70 4141 160 4205 nobis
183 4141 286 4204 vistim
311 4153 376 4215 ost,
405 4138 460 4202 illo
478 4138 617 4202 tirocinii
636 4140 738 4222 spatio
757 4141 825 4222 jam
845 4140 1069 4222 compositioni
