2580 4756
686 410 749 469 202

212 609 317 670 quum
347 587 400 648 ille
426 599 458 647 et
491 584 528 648 C.
555 581 675 647 Marius
698 587 819 669 legatus
839 587 918 647 duos
941 585 1101 648 mediocri
1122 587 1219 651 inter-

212 707 298 767 vallo
328 717 441 786 pontes
477 702 543 764 Liri
573 701 771 784 injecissent,
795 701 913 785 quibus
933 723 1004 767 suas
1025 704 1148 790 singuli
1168 724 1219 772 eo-

213 823 279 906 pias
313 821 516 904 trajicerent,
549 819 675 884 Vettius
699 817 814 894 Scato,
847 817 1032 885 Marsorum
1054 823 1142 900 dux,
1166 826 1218 910 qui

215 942 294 1002 haec
323 936 428 1020 parari
463 938 685 1012 intellexerat,
721 957 788 999 non
811 935 944 1013 restitit,
963 941 1019 1002 sed
1037 961 1077 1003 ex
1103 939 1218 1007 insidiis

215 1070 314 1120 noctu
339 1055 469 1119 structis
494 1053 679 1129 Rutilium,
703 1055 813 1136 primo
835 1076 932 1118 mane
952 1056 1138 1137 exercitum
1158 1072 1218 1124 tra·

211 1175 378 1258 jicientem
404 1173 551 1256 nihilque
569 1172 634 1236 doli
655 1169 890 1254 suspicantem,
908 1173 1036 1238 fortiter
1058 1196 1218 1262 aggressus

213 1294 380 1378 ingentem
403 1293 528 1354 cladem
552 1289 674 1365 edidit,
703 1288 946 1373 interfectisque
968 1312 1128 1378 magnam
1148 1315 1216 1378 par·

213 1426 282 1474 tem
305 1409 464 1472 militibus
485 1408 626 1490 reliquos
650 1407 750 1470 fluvio
767 1406 891 1472 mersit.
922 1407 986 1491 Ipsi
1010 1410 1138 1476 Rutilio
1156 1433 1214 1476 non

215 1529 330 1590 melior
362 1526 424 1589 fuit
452 1528 600 1588 fortuna:
638 1525 695 1608 qui
723 1523 867 1610 graviter
901 1526 1006 1609 capite
1040 1528 1212 1606 sauciatus,

213 1644 366 1708 brevies
398 1644 532 1706 vulnere
568 1641 651 1704 obiit
668 1639 695 1705 ¹.
742 1641 870 1706 Accidit
907 1643 939 1706 id
971 1664 1042 1728 quo
1074 1658 1213 1731 ternpore

214 1762 363 1827 Matralia
392 1760 642 1827 celebrabantur
675 1760 709 1821 in
730 1758 876 1823 Matutae
893 1761 1067 1829 honorem.
1113 1762 1212 1849 Quam

213 1885 292 1945 haec
316 1879 547 1944 vaticinantem
569 1877 667 1939 finxit
685 1875 837 1940 Ovidius:

258 1988 356 2062 Hanc
383 1997 471 2071 tibi,
508 2018 584 2081 quo
602 2016 831 2080 properas,
856 2008 1049 2061 institorum
1067 1999 1210 2078 dixisse,

999 2113 1175 2184 Racili?

303 2229 406 2292 Lases
426 2252 511 2292 aneu
537 2229 679 2293 Marso
702 2229 850 2292 consul
872 2230 922 2293 al>
955 2232 1072 2298 hoste
1091 2238 1208 2303 cades.

158 2429 160 2433 Ι
259 2346 395 2411 Ecetras
416 2349 558 2409 accensit
582 2345 713 2408 verbis:
735 2345 937 2436 flumenque
957 2349 1153 2420 Palmum·

303 2465 486 2551 Purpureo
508 2466 633 2527 mixtis
651 2468 824 2552 sanguine
834 2465 954 2553 fluxit
977 2473 1122 2557 aqum.

214 2584 301 2650 Haec
316 2584 450 2669 quidem
472 2584 615 2647 narratio
636 2604 836 2669 magnopere
858 2589 1048 2668 persuadet,
1073 2593 1160 2658 hunc
1170 2593 1212 2676 ip·

212 2726 283 2770 sunt
312 2702 475 2767 Rutilium
500 2701 655 2785 Lupum,
685 2722 752 2765 non
783 2724 862 2766 vero
885 2701 1077 2772 Cornelium
1100 2711 1212 2776 Leutu-

213 2823 284 2888 lum
315 2817 479 2884 aLucilio
498 2818 718 2904 significatum
743 2840 818 2883 esse.
865 2818 996 2902 Praeter
1018 2824 1212 2909 impietatem

212 2936 462 3023 sacrilegium,
488 2937 693 3022 perjurium
727 2950 759 3001 et
792 2940 1038 3024 impuritatem
1075 2947 1143 3030 ejus
1164 2948 1214 3012 de·

213 3055 294 3120 texit
311 3054 498 3130 Lucilius33
523 3044 766 3141 sordidamque
788 3057 983 3144 ingluviem
1004 3061 1136 3129 irrisisse
1157 3067 1214 3131 hot

213 3175 400 3257 fragmento
421 3171 505 3235 risus
525 3183 592 3233 est:

258 3289 400 3374 ponno
424 3300 542 3374 capto,
567 3311 705 3354 carrum
724 3292 910 3357 excludunt
923 3295 1046 3381 forae.

257 3407 444 3484 Occidunt,
471 3405 586 3493 Lupe,
610 3397 775 3494 saperdae
801 3422 832 3474 te
855 3424 887 3475 et
900 3414 996 3499 jura
1019 3416 1134 3483 siluri
1141 3448 1153 3484 .-

256 3524 382 3592 Sumen
407 3537 440 3589 te
461 3536 564 3612 atquc
586 3524 724 3590 amitt.

228 3676 507 3687 ——uau-——a—-n

249 3765 261 3802 1
298 3750 377 3801 Jul.
397 3749 579 3819 otaeqrc.
600 3750 1019 3823 115.Cff.App..1r.c.t‚t³.
1041 3763 1219 3833 [simsspitr

213 3845 257 3915 75.
282 3845 377 3897 Vell.
396 3848 485 3898 Par.
506 3845 547 3907 ll',
569 3846 612 3901 15.
633 3851 732 3901 Oros
761 3848 800 3912 V,
821 3852 862 3903 18.

223 3935 224 3939 ¹
248 3962 264 3996 2
301 3943 382 3994 Fast.
404 3939 458 4004 Vl,
478 3941 529 3994 563
546 3962 608 4015 sqq.
944 4014 948 4021 Ι

247 4036 264 4087 3
302 4040 323 4088 0
334 4038 344 4088 i
355 4055 369 4086 c
397 4039 428 4089 de
447 4041 484 4091 Ν.
504 4042 537 4090 1),
560 4039 585 4101 Ι,
606 4041 650 4104 23,
671 4041 715 4094 63.
733 4042 777 4092 Cf.
798 4061 877 4109 snpra
897 4063 922 4110 p.
937 4045 993 4099 165.

244 4131 263 4183 4
304 4135 424 4187 Varro
454 4136 486 4184 cle
515 4139 548 4187 h.
572 4139 601 4188 Ῑι.
622 4135 692 4200 Vll,
713 4138 758 4205 47.
785 4141 937 4192 ‚Mdller
955 4159 1050 4195 versus
1074 4156 1216 4216 corruptos
