2580 4756
680 305 744 369 252

199 491 249 544 tra
271 496 343 545 tum
357 483 490 566 quidem
512 483 586 545 alibi
614 483 859 565 quaesivissem,
874 482 908 544 in
920 504 993 545 earn
1005 485 1197 547 sententiam

198 600 293 662 facile
315 601 457 663 ducebar
479 613 515 663 ut
536 613 704 682 putarem,
723 622 761 664 ea
772 612 887 674 aetate,
902 622 968 682 qua
978 586 1093 682 scripti
1105 615 1203 665 essent

200 716 275 779 libri
295 720 335 781 ad
345 717 567 793 Herennium,
592 720 741 782 nondum
755 719 789 781 in
805 720 1001 805 triginta
1019 717 1122 780 libros
1134 716 1202 780 sati-

199 856 313 899 rarum
326 856 406 917 opus
415 836 624 900 Lucilianum
637 836 849 899 distributum
863 835 971 910 fuisse,
981 838 1037 898 sed
1049 834 1202 898 duabus

199 953 344 1034 partibus
358 953 552 1028 constitisse,
567 974 709 1036 quarum
722 952 863 1043 singulas
876 965 987 1034 postea
999 951 1202 1036 grammatici

198 1068 233 1130 in
256 1068 494 1154 quindecim
511 1068 608 1157 libros
645 1068 831 1130 divisissent.
864 1068 1101 1150 Reprobarunt
1125 1070 1203 1129 hanc

198 1187 420 1268 conjecturam
446 1183 595 1248 Lersth
619 1160 872 1261 ei⁵Diintzer3
897 1186 978 1247 alter
990 1206 1064 1248 suos
1076 1185 1202 1267 quibus·

199 1323 262 1386 que
295 1302 385 1366 libris
417 1303 527 1365 titulos
559 1301 652 1364 fuisse
685 1300 891 1376 existimans,
925 1323 962 1364 ac
996 1323 1120 1387 negans
1148 1302 1201 1365 sub

199 1441 251 1484 eos
272 1421 400 1494 titulos,
425 1441 504 1503 quos
529 1422 730 1494 laudassem,
756 1432 830 1500 apte
853 1420 1202 1500 revocaripossecunc·

201 1550 233 1601 ta
257 1549 470 1622 argumenta,
495 1559 579 1619 quae
602 1538 746 1601 Lucilius
771 1536 846 1600 data
871 1537 971 1619 opera
984 1538 1201 1620 exposuerit1.

200 1654 292 1729 Alter
317 1657 491 1740 inpriore
517 1654 608 1717 libro
627 1655 881 1736 interpretatur:
907 1655 941 1717 in
962 1656 1127 1738 principio
1154 1679 1202 1719 sa-

200 1773 339 1837 tirarum
360 1772 480 1835 librit:
505 1775 715 1857 quodquam
736 1792 855 1854 parum
873 1771 1070 1850 satisfaciat,
1094 1774 1202 1837 intelli-

200 1891 300 1977 gitur.
348 1886 479 1954 Etenim
501 1910 627 1973 quum,
654 1888 791 1974 triginta
806 1891 981 1952 satirarum
1000 1891 1102 1955 libros
1115 1914 1133 1954 a
1146 1893 1204 1954 Lu·

202 2008 275 2072 cilio
297 2008 398 2072 editos
419 2029 507 2084 esse,
531 2007 642 2072 ceteris
668 1989 862 2082 consentiat,
886 2005 1058 2090 quaeritur
1081 2011 1204 2095 eeajus

201 2125 277 2188 libri
297 2123 459 2206 principio
477 2127 611 2200 rhetor,
635 2123 691 2207 qui
706 2126 746 2187 ad
761 2123 965 2188 Herennium
978 2125 1128 2209 scripsit,
1142 2148 1204 2191 rer-

199 2261 295 2317 sum,
309 2261 420 2324 'quem
444 2242 609 2316 laudavit,
633 2241 774 2322 petierit.
820 2239 885 2324 Qui
895 2242 939 2322 ⁴-si
972 2237 1115 2308 universi
1138 2265 1204 2326 ope-

202 2358 256 2421 ris‘
270 2353 431 2420 rationem
464 2357 585 2420 habere
606 2351 776 2434 uoluisset,
801 2361 843 2422 in
859 2363 983 2445 priore
1007 2384 1124 2448 opere,
1147 2383 1205 2425 non

198 2479 242 2541 in
259 2468 497 2562 priore-libro
513 2474 697 2556 scripsisset.
722 2474 870 2540 Priores
881 2490 993 2541 autem
1007 2478 1103 2556 libri,
1127 2480 1205 2564 quod

201 2610 257 2658 me
277 2605 359 2658 tum
389 2592 533 2667 latebat,
553 2589 691 2656 'mentio
726 2597 966 2678 quoquefacta
982 2595 1148 2660 invenitur
1170 2594 1206 2658 ab

200 2711 402 2796 interprete,
428 2711 486 2795 qui
509 2712 550 2774 ad
562 2709 687 2774 Horatii
701 2732 832 2776 versum
855 2706 1099 2778 Pantolabum
1119 2736 1207 2777 seur·

196 2849 282 2895 ‘ram
305 2825 623 2914 Nomentanumque
646 2841 800 2915 nepotem
822 2844 932 2894 notat:
959 2852 1053 2915 «pro
1069 2832 1208 2896 homini-

201 2949 263 3011 bus
282 2945 416 3010 vilibus:
453 2944 588 3008 nomina
613 2959 689 3009 sunt
709 2946 975 3025 luxuriosorum,
1009 2970 1092 3033 quos
1115 2938 1208 3013 etiam*

200 3065 387 3150 inpriore
418 3063 504 3126 libro
528 3063 672 3128 Lucilius
694 3064 851 3147 carpsit-3.
866 3086 883 3124 »
930 3067 1039 3131 Dousa
1062 3068 1206 3151 putarit,

197 3193 261 3244 aut
283 3177 375 3242 libro
398 3176 540 3240 seeundo
559 3199 624 3260 -pro
641 3182 1116 3265 priore-reponendum:,·aut
1129 3197 1207 3248 certe

203 3299 262 3362 illa
276 3301 482 3383 fragmenta,
497 3295 614 3378 quibus
631 3295 827 3363 Nomentani
837 3300 878 3363 lit
887 3299 1027 3377 mentio,
1037 3304 1079 3365 ad
1092 3303 1206 3366 librum

201 3418 348 3500 priorem
384 3416 608 3481 transferenda
639 3416 764 3481 essals·
790 3418 926 3482 Difficile
942 3424 1023 3495 esti
1054 3422 1136 3486 oerti
1158 3419 1206 3484 ali·

237 3742 250 3778 ι
289 3700 1040 3798 &itaci-flAltertis.1837pi1047,i859p.i06.
1161 3704 1164 3709 Ι

134 3883 137 3887 ,
236 3843 253 3878 2
288 3824 367 3875 Erit.
386 3842 415 3875 u.
432 3823 513 3874 Erkl.
530 3823 580 3874 der
602 3826 662 3876 Sat.
685 3824 712 3876 d.
731 3828 802 3881 Hor.
824 3835 853 3892 p.
872 3842 914 3878 ιο.

227 3917 568 3988 ·5.Sap·p..166,229·
616 3964 645 3981 ,.
695 3980 698 3984 Δ
743 3972 747 3979 ,
851 3966 854 3971 ,
892 3944 895 3951 ·

234 4017 675 4083 4Λόὒυοὶί·1·’ν.ρ.ιια.
