2580 4756
674 354 745 436 aio

204 554 302 617 tuisse
315 553 342 616 ¹.
388 542 607 616 Consentiunt·
630 549 737 638 Lydo.
757 550 885 636 antiqui
904 546 1030 615 Horatii
1055 530 1221 634 interpre-

205 685 252 735 tes
281 673 321 735 ad
350 666 721 753 ejussatal,'10‚·64‘.
781 665 956 755 (caluom)
983 669 1004 734 i.
1024 690 1052 736 e.
1079 681 1220 756 satyrae,

206 787 322 853 Graeci
346 809 413 852 non
432 786 633 872 scripserunt
645 800 789 874 satyram
809 787 973 873 integram·
992 789 1026 851 h.
1040 802 1070 854 e'.
1091 789 1219 852 heroi-

206 929 248 972 co
271 908 425 982 carmine,
450 909 505 971 sed
525 907 726 970 miscuerunt
748 928 825 970 cum
838 906 1021 978 comoediis,
1031 926 1049 967 »
1063 944 1111 958 -
1129 933 1147 973 «
1156 906 1219 976 Io·

207 1030 302 1090 tacti·
319 1023 504 1111 carminis)
530 1023 616 1110 Quia
637 1025 764 1107 primus
793 1039 936 1111 satyram
959 1023 1094 1093 Graecis
1117 1027 1218 1111 intao5

147 1142 150 1148 ’
205 1164 274 1214 tam
311 1149 454 1212 uersibus
491 1146 736 1211 hexametris
767 1145 914 1230 scripsit,
951 1145 1052 1210 etiam
1087 1145 1217 1215 Graecis

206 1281 319 1333 auctor
350 1270 447 1351 hujus
475 1267 587 1350 operis·
602 1279 689 1331 est.»
736 1265 844 1330 Alius:
870 1262 990 1332 «Nulli
1012 1264 1217 1337 Graecorum

206 1387 449 1451 hexametris
475 1385 620 1450 versibus
639 1387 703 1449 hoc
721 1406 822 1472 genus
834 1385 938 1468 operis
951 1385 1216 1469 scripseruntt.»

206 1504 292 1569 Hinc
327 1505 420 1568 facile
446 1504 518 1588 quis
540 1516 653 1587 putet,
689 1525 756 1567 non
775 1502 926 1586 inspectis
950 1501 1069 1568 Lucilii
1093 1505 1217 1583 satiris,

205 1624 277 1689 solis
314 1620 509 1687 hexametris
543 1622 751 1686 uuiversum·
768 1620 887 1686 Lucilii
917 1634 998 1705 o'pus
1032 1622 1242 1719 mastitissa

112 1782 116 1791 ·
205 1743 365 1826 Idemque
386 1739 560 1803 Horatium
583 1739 719 1804 voluisse
736 1760 881 1817 censeas,
907 1740 975 1826 qui,
997 1761 1078 1804 eum
1100 1750 1222 1806 veteres¹

207 1861 346 1925 comicos
375 1872 525 1924 secutum
542 1859 670 1935 dicens,
695 1856 804 1924 addit:
827 1861 979 1923 mutatis
1002 1872 1149 1926 tantum
1162 1885 1216 1948 po·
1272 1854 1275 1863 ’

206 1980 308 2045 dibus
331 1978 590 2066 numerisque&
636 1977 688 2042 Ad
709 1998 792 2062 quae
810 1977 911 2043 verba
930 1977 1093 2063 interpres
1116 1993 1216 2062 vetus:

208 2125 226 2166 «
241 2100 314 2164 Alio
337 2111 448 2163 metro
463 2099 510 2161 usi
530 2109 616 2161 sunt*
631 2095 762 2182 antiqui
781 2096 833 2160 illi'¹
847 2101 983 2180 potitae,
1015 2100 1075 2184 qui
1094 2121 1232 2191 comos-¹

206 2217 273 2281 dias
307 2218 519 2298 scripserunt,
544 2216 608 2279 alio
635 2214 796 2290 Lucilius,
819 2215 940 2310 scilicet
960 2218 1146 2296 heroico,
1166 2217 1215 2304 qui

205 2348 326 2422 satyras
361 2334 554 2416 composuit.
569 2352 595 2394 »¹
640 2333 816 2417 Rectaque
832 2336 913 2399 haec
941 2336 1090 2402 statuisse
1127 2358 1209 2413 eum,

208 2456 287 2521 alius
318 2452 443 2518 Horatii
463 2454 553 2517 locus
572 2451 712 2516 ostendit
729 2454 1016 2534 supra-laudatus,
1040 2456 1103 2520 uhi
1125 2446 1209 2523 Luci-

207 2576 295 2638 lium·
311 2572 423 2637 senis.
437 2569 529 2655 padi
536 2571 620 2634 bus‘
630 2567 787 2634 claudere
798 2582 922 2636 versus*
929 2574 1134 2639 consuevisse
1155 2572 1218 2662 sig·

208 2695 319 2757 nificat
331 2691 360 2758 4.
407 2688 470 2755 Sed
490 2703 608 2755 contra*
625 2711 689 2754 esse
709 2710 812 2775 quam
836 2686 885 2755 illi
904 2692 1042 2770 docent,
1068 2692 1156 2776 ipsae
1168 2713 1220 2757 re·

208 2813 326 2896 liquiae
349 2809 511 2894 probant,
533 2829 617 2894 quae
638 2821 770 2873 tantum
787 2807 878 2874 abest
898 2822 936 2874 ut
958 2831 1067 2877 unum
1091 2824 1123 2878 et
1142 2831 1222 2883 con·

208 2931 341 2994 tinuum
359 2940 507 2992 metrum
523 2930 703 3004 ostendant,
722 2939 760 2991 ut
773 2926 969 3012 iambicos
989 2930 1223 2996 trimetros

209 3062 242 3115 et
262 3048 515 3114 trochaicos
533 3059 820 3112 tetra-metros
834 3047 1224 3137 benemultos'invenias,

209 3168 380 3234 Hermann
398 3169 444 3232 ita
459 3188 532 3231 rem
550 3168 701 3251 expedire
721 3181 856 3234 conatus
864 3182 922 3246 est,
946 3179 996 3248 ut,
1019 3148 1227 3258 quamquam

209 3288 440 3356 trochaico
460 3307 600 3352 numero
611 3287 755 3375 integros
766 3287 866 3355 libros
879 3288 1227 3376 Lucilius-composue·

207 3411 267 3488 rit,
285 3410 426 3498 singulos
448 3417 560 3473 tamen
579 3408 713 3494 singulis
729 3409 861 3487 metris,
873 3420 1031 3496 eoquens
1039 3413 1229 3495 plurimum

207 3532 387 3608 heroico,
400 3529 598 3615 conscriptos·
610 3526 745 3614 putat.
768 3526 1089 3616 Quadi's'en'tentia'm
1097 3532 1230 3611 Dous'ae

242 3773 256 3810 1
293 3773 322 3825 p·
341 3753 403 3809 501.

242 3870 261 3907 2
298 3855 428 3933 Corum.
448 3840 532 3925 Gruq.
549 3869 578 3920 p.
596 3834 662 3923 3p9.
680 3910 692 3933 ,ἶ
829 3924 846 3936 ..
994 3928 996 3933 Ι
1108 3916 1112 3931 Ι

242 3936 872 4023 ὅ’8ιιρ.ροιςο.οωηπιιθνα9.ι).549.
977 3998 979 4003 .
1082 3988 1085 3995 -

120 4118 125 4123 ¹
241 4048 261 4106 i
293 4061 405 4118 ptos.
505 4120 508 4127 Ι

127 4144 148 4155 ··
240 4128 384 4215 stae
