2580 4756
611 306 675 387 179

133 477 205 565 loco
228 481 404 562 rodolium
428 484 597 571 bebrina.
644 485 852 568 Accipimus,
876 479 912 548 iu
934 499 1055 568 magna
1078 474 1154 544 edi«

131 603 225 673 tione
245 603 414 667 basileensi
436 619 499 686 pro
526 600 782 688 Aristophanes
805 602 1029 668 Aristoxenus
1061 599 1148 680 apud

132 721 299 785 Acronem
321 719 396 805 legi,
424 718 531 785 Facile
555 720 768 805 intelligitur,
791 718 1019 805 Porphyrionis
1038 718 1149 779 locum

132 852 330 920 corruptum
363 859 426 902 esse
452 849 485 900 et
515 838 717 901 celebratum
744 832 922 901 Aristotelis
950 855 1074 911 nomen
1088 851 1153 916 pro

132 947 296 1038 ignotiore
316 950 522 1029 Aristoxeuis,
548 953 606 1037 qui
628 955 695 1036 ejus
720 955 849 1019 auditor
870 953 955 1028 fuit,
975 951 1149 1033 scriptum.

134 1069 340 1134 Aristoxenes
365 1084 476 1135 nutem
497 1090 580 1133 num
597 1069 697 1135 fuerit
709 1070 904 1147 Tarentinus
923 1069 1149 1152 philosophus,

135 1188 194 1272 qui
227 1187 438 1252 Aristoxenus
469 1188 627 1270 appellari
650 1191 750 1264 solet,
784 1187 897 1272 quaeri
923 1199 1040 1269 potest.
1086 1181 1153 1268 Nec

135 1306 232 1369 uideo
253 1304 332 1388 quid
350 1304 471 1381 obstet,
495 1326 600 1388 quum
624 1305 658 1368 in
679 1302 807 1388 scriptis
825 1299 1007 1370 Aristoxeni
1027 1320 1155 1365 memo·

135 1435 254 1485 rentur
276 1421 546 1504 philosophorum
571 1421 671 1499 ritae,
696 1422 730 1500 in
753 1421 871 1506 quibus
893 1419 1067 1486 scribendis
1090 1437 1154 1500 op·

137 1552 280 1622 portuno
316 1540 518 1604 mentionem
533 1542 651 1603 'facere
685 1540 866 1626 lyricorum
903 1543 1076 1622 potiturum
1094 1555 1154 1618 po

137 1655 240 1720 suist.
286 1654 388 1720 Sede
413 1656 604 1742 fragmentis
626 1677 742 1721 eorum
771 1657 921 1742 cognosci
943 1677 1011 1720 non
1032 1666 1154 1736 potest.

140 1794 208 1855 qua
219 1773 343 1853 ratione
355 1775 417 1838 hoc
428 1770 475 1836 illi
491 1774 686 1859 peregerint.
708 1774 788 1858 Ipsa·
806 1787 919 1839 tamen
938 1794 988 1845 res
1002 1775 1155 1853 frequen·

138 1886 298 1953 tissimum
311 1884 528 1954 imitationem
539 1890 655 1953 habuit
675 1903 707 1955 et
719 1891 807 1972 apud
819 1888 983 1957 Romanos
997 1889 1066 1969 ipsa
1084 1886 1158 1949 Lu·

140 2007 209 2071 citii
226 2020 330 2069 aetate
352 2008 444 2069 fuere
461 2006 519 2089 qui
537 2006 773 2088 experirentur.
802 2005 929 2069 Primus
955 2015 1158 2069 memoratur

139 2123 313 2187 instituisse
336 2122 370 2185 P.
393 2121 572 2186 Rutilius
593 2123 744 2199 Rufus,
779 2141 879 2207 quem
898 2122 1157 2186 commilitonem

140 2248 261 2323 poetae
293 2239 328 2301 in
352 2238 528 2302 obsidenda
545 2237 731 2303 Numantia·
747 2239 956 2324 cognovimus
969 2238 995 2301 ².
1042 2235 1158 2320 Scrip-

140 2357 184 2422 sit
202 2357 256 2419 ille
273 2356 373 2420 vitam
390 2377 494 2440 suam,
519 2356 611 2419 Idem
625 2353 672 2421 M.
685 2357 879 2439 Aemilios
895 2355 1067 2420 Scaurus
1085 2377 1159 2419 sus-

141 2476 249 2558 cepit,
263 2477 352 2558 cujus
365 2489 428 2546 tres
442 2476 483 2541 cd
496 2454 799 2556 trucutentus
812 2479 852 2541 de
862 2472 929 2547 situ
942 2488 1014 2537 acto
1026 2493 1158 2536 memo-

143 2601 262 2658 rantur
274 2592 301 2656 3.
333 2591 461 2657 Tertius
476 2587 611 2674 suppari
627 2605 732 2655 aetate
744 2590 790 2654 lt.
803 2589 1018 2672 Terentius
1031 2589 1167 2667 Varro

142 2709 286 2775 traditur
313 2711 352 2772 de
381 2709 447 2772 vito
466 2729 524 2771 sua
541 2708 666 2771 librum
689 2705 834 2771 fecisset.
881 2704 928 2772 Ut
952 2720 1029 2769 vero
1052 2705 1160 2767 mexi-

144 2847 200 2891 me
244 2825 457 2889 memorabile
494 2836 561 2899 est,
600 2823 766 2894 Lucilium
805 2835 838 2887 et
868 2822 1032 2887 Rutilium
1064 2844 1159 2888 suam

148 3034 429 3048 ffl—-t-n

184 3159 194 3192 ι
235 3140 279 3193 Cf.
297 3139 527 3191 Matremne.
545 3139 578 3190 de
594 3140 777 3192 Aristoxeno.
800 3143 885 3191 Amet.
908 3140 1017 3210 1793u
1035 3140 1062 3190 iu
1079 3137 1162 3207 Thes.

149 3240 226 3292 crit.
243 3252 306 3293 nov.
327 3244 346 3285 t.
368 3235 391 3293 1.
414 3233 489 3301 Lips.
511 3237 587 3290 18⁰2.

184 3355 201 3389 2
236 3328 539 3402 Snp.p.12,16,59.

184 3432 201 3483 3
236 3431 368 3484 Scauro
387 3436 415 3480 st
429 3427 577 3481 ttutit-to
594 3445 690 3496 graves
707 3429 873 3481 inimicitius.
886 3429 999 3481 sumunt
1011 3437 1079 3481 rnre
1093 3433 1160 3484 Cin

111 3546 115 3551 ·
150 3533 235 3585 Brut,
253 3543 304 3596 29„
335 3525 395 3579 123.
423 3523 522 3579 «Cum
550 3541 602 3574 urrs
629 3524 801 3576 consulatum
828 3506 1006 3589 petivissent,
1032 3542 1087 3577 non
1113 3527 1162 3580 ille

148 3623 260 3683 solnm,
292 3621 340 3688 qui
369 3617 503 3686 repulsum
533 3619 653 3686 tulerat,
685 3619 821 3670 accusavit
848 3620 966 3675 ambitis
993 3621 1161 3690 designatum

148 3716 380 3783 competitorem,
399 3705 446 3766 sed
465 3712 585 3766 Scaurus
604 3698 685 3764 etism
709 3712 850 3766 absolutus
874 3710 1008 3770 Rutilium
1030 3719 1059 3768 in
1086 3719 1164 3777 judi.

149 3819 225 3866 cium
241 3815 357 3865 vocavit.
371 3829 386 3858 n
413 3813 510 3880 ltaque
528 3809 638 3860 videtur
655 3816 770 3876 uterquc
788 3809 872 3861 vitem
883 3827 956 3864 sitnm
976 3821 1061 3866 sctum
1072 3817 1164 3882 scrip.

149 3913 241 3975 sisse,
260 3917 291 3961 nt
304 3926 333 3960 se
356 3907 515 3960 criminibus
532 3912 689 3973 purgsrent.
722 3903 767 3963 Cf,
790 3907 871 3958 Tac.
891 3908 991 3975 Agris.
1011 3929 1034 3962 c.
1058 3927 1079 3960 t.

188 4011 205 4059 t
243 4009 368 4077 Sosip.
391 4007 503 4057 Cltar.
536 4010 658 4056 Gramm.
678 4004 754 4060 last.
774 4000 798 4052 l·

638 4127 700 4189 12*
