2580 4756
593 324 658 385 288

144 524 162 563 a
194 497 340 563 carmine
377 490 464 564 malo
488 520 674 576 censemus,
697 501 963 583 quonaondere·
989 506 1165 571 vetuissent

143 619 209 682 XII
227 619 366 682 tabutas.
391 617 536 680 Fortasse
555 638 657 703 genus
683 619 849 701 quoddam
875 619 1162 706 epigrammatum

143 741 224 813 suit,
249 739 338 823 quod
357 736 425 801 aliis
446 735 645 801 carminibus
670 737 892 800 commixtum
914 749 978 803 aut
1003 741 1158 808 intertex-

141 871 215 922 tum
235 857 349 920 satirae
366 854 500 919 nominc
523 855 565 917 ab
588 874 627 916 eo
645 853 836 939 insignitum
856 856 909 920 sit.
942 856 1062 943 Neque
1074 863 1154 926 enim

142 975 272 1042 ridetur
297 974 418 1039 Lersch
444 972 544 1036 verba
565 972 620 1035 illa
641 969 736 1034 Gellii
760 971 800 1035 da
814 970 1033 1041 Graecorum
1045 983 1152 1064 psita-

143 1116 224 1157 ram
248 1114 341 1154 marc
366 1089 462 1153 dicta
493 1104 581 1152 recte
603 1089 742 1171 cepisse,
777 1111 861 1173 quae
891 1090 1143 1175 interpretatur,

143 1204 264 1294 probra
286 1211 339 1272 itta
360 1205 522 1272 Naeviana
546 1206 721 1270 comoediis
743 1207 868 1272 intexta
879 1223 912 1272 et
927 1210 1071 1275 aliorum
1082 1232 1144 1296 per·

141 1329 225 1392 sonis
247 1339 332 1391 tecta
369 1325 476 1389 fuisse.
522 1324 650 1387 Laudat
674 1326 764 1386 hunc
782 1323 879 1388 Gellii
903 1330 1041 1392 locum:
1065 1328 1142 1394 «tta

140 1446 212 1511 satis
237 1444 451 1515 habebimus,
476 1443 565 1526 quod
587 1463 627 1504 ex
649 1442 782 1506 historia
805 1456 868 1519 est,
892 1445 926 1508 id
950 1444 1138 1523 dicerasn

140 1565 272 1646 pionem
308 1557 556 1650 (superiorem),
581 1581 700 1623 verone
723 1582 765 1623 an
790 1563 870 1625 falso
890 1560 1078 1639 incertum,
1098 1567 1138 1627 fs·

142 1682 197 1745 ma
214 1694 342 1756 tamen,
367 1699 471 1762 quum
496 1689 574 1741 esset
598 1679 800 1757 adolescens,
821 1681 911 1743 haud
933 1681 1059 1746 sincera
1075 1680 1137 1745 fuit·

139 1822 193 1875 sc,
227 1812 259 1862 et
288 1799 529 1880 propemodum
559 1795 754 1867 constitisse,
790 1798 886 1862 hosce
917 1820 1030 1865 versus
1048 1822 1066 1864 a
1087 1797 1136 1865 Cn.

140 1915 260 1980 Naevio
277 1919 373 1997 poe'ta
396 1915 430 1976 in
447 1935 524 1976 eum
544 1913 681 1994 scriptos
706 1934 790 1976 esse:

184 2034 314 2098 Etiam
326 2032 388 2118 qai
401 2054 455 2093 res
468 2053 617 2118 magnas
625 2052 731 2094 attactu
743 2053 841 2115 saepe
846 2037 963 2120 gessit
972 2034 1116 2124 gloriose
1123 2059 1135 2112 ,-

184 2149 491 2236 Cajasfactaoioa
503 2170 593 2211 nanc
605 2151 737 2236 vigeam
751 2153 815 2235 qui
823 2151 920 2235 apud
926 2153 1133 2240 geatessolus

185 2267 354 2330 Praestat
362 2291 375 2344 ,-
390 2288 465 2328 aum
477 2288 561 2328 suas
569 2278 674 2349 pater
685 2268 889 2351 campellis
899 2293 970 2334 aaa
983 2271 1132 2335 aisantias

449 2458 450 2461 Ἴ
921 2387 1099 2453 abdicant

140 2503 203 2568 Sed
225 2502 404 2567 ostenditur
425 2523 479 2578 eo,
493 2501 674 2577 Romanos,
698 2503 960 2568 maledicentiam
976 2503 1082 2573 Naevii
1099 2503 1135 2566 ti-

139 2635 285 2697 mcntes,
321 2643 422 2706 quam
454 2620 543 2682 haud
575 2632 742 2683 vereretur
779 2621 933 2704 antiquae
969 2622 1134 2688 comoediae

139 2740 282 2805 Graecae
295 2741 445 2820 exemplo
457 2738 623 2800 liberrime
634 2739 815 2813 effundere,
838 2738 875 2802 in
896 2742 1069 2805 comoediis
1086 2761 1135 2825 ps-

138 2859 217 2921 riter
230 2857 453 2921 conviciorum
466 2855 599 2940 vestigia
611 2855 799 2938 quaesivisse
816 2869 849 2920 et
861 2857 924 2921 sibi
941 2859 1082 2925 invenire
1093 2857 1134 2941 pi-

136 2999 186 3043 sos
202 2998 276 3042 esse.
300 2974 392 3061 Quae
404 2991 516 3040 tamen
533 2977 599 3039 sola
615 2974 753 3056 suspicio
774 2997 869 3040 causa
890 2999 955 3042 esse
973 2999 1041 3042 non
1059 2989 1133 3061 pete·

137 3108 208 3170 rat,
230 3095 271 3155 ob
295 3115 396 3174 quiam
419 3092 453 3155 in
474 3093 603 3155 vincula
621 3093 854 3175 conjiceretur,
879 3094 940 3158 nisi
963 3094 1131 3160 nominibus

137 3208 277 3295 propriis
301 3208 440 3272 abusum
461 3207 557 3272 fuisse
579 3208 778 3274 constitisset.
800 3211 917 3296 Itaque
930 3214 1131 3313 necRuperto

136 3330 314 3404 assentior,
354 3327 590 3391 dramaticum
623 3329 707 3391 hanc
739 3326 850 3392 Naevii
885 3330 1018 3395 satiram
1051 3327 1129 3394 fuiss

136 3447 377 3524 existimanti2,
413 3469 474 3514 nec
504 3444 534 3511 J.
557 3446 705 3520 Dousae,
740 3446 796 3529 qui
828 3468 890 3530 pro
913 3452 1033 3515 satira
1059 3444 1127 3530 apud
1165 3446 1169 3453 ’

136 3565 269 3629 Festum
293 3563 446 3630 Saturna
470 3564 706 3628 restituendum
729 3584 793 3627 esse
815 3566 994 3647 putavist-

325 3743 418 3753 ...n-.-

171 3863 180 3898 ι
219 3842 260 3896 vt
291 3847 317 3896 8.

170 3963 185 3998 2
221 3886 273 3994 Da,
285 3943 417 3992 Satiricr's
434 3945 516 3996 Rom.
529 3947 623 4014 poetis
642 3963 666 4011 p.
690 3942 768 3997 LIV.

169 4041 185 4090 5
220 4043 289 4089 Post
311 4041 411 4089 Comm.
432 4041 512 4108 Cruq.
533 4059 559 4107 p.
578 4039 639 4095 665.
