2580 4756
705 340 771 400 220

212 523 353 590 Videtur
385 530 499 584 autem
528 503 581 580 liic
604 516 692 597 apud
723 514 890 576 Lucilium
911 482 1057 574 ludibrio
1081 509 1215 575 habuisse

214 637 388 706 adversarii
411 635 622 706 orationem,
655 652 761 714 quae,
791 628 904 692 relicto
925 648 1040 690 rerum
1060 629 1216 709 pondere,

215 757 404 842 splendebat
433 752 604 816 artificiosa
638 748 816 812 verborum
851 745 1093 830 exquisitorum
1124 758 1217 809 struc-

216 889 301 939 tura.
347 872 428 934 Inde
443 869 551 932 'illudz

263 991 377 1078 Quam
393 985 503 1073 lepide
517 987 622 1050 laneis
639 986 851 1069 compostae!
863 991 904 1044 ast
917 979 1107 1044 tesserulae
1118 1002 1216 1043 emtus

261 1104 351 1173 Arte
366 1107 564 1192 pavimenti
595 1114 698 1188 atque
716 1099 912 1164 emblemate
934 1096 1165 1160 vermiculato

263 1221 453 1289 Structae!
465 1221 480 1270 ¹

217 1341 309 1426 Quae
334 1361 441 1424 quum
473 1338 600 1402 dixisset
623 1335 659 1399 in
687 1333 864 1401 Albucium
896 1332 1033 1417 illudens
1056 1327 1217 1406 Scaevola,

217 1480 259 1523 ne
279 1481 299 1523 a
322 1456 436 1522 Crasso
460 1454 596 1539 quidem
618 1453 799 1528 abstinens,
829 1453 898 1534 ejus
908 1451 1061 1531 exemplo
1079 1462 1217 1512 ususest:

263 1575 428 1639 Crassum
451 1572 553 1636 liabeo
572 1589 749 1660 generum,
773 1589 814 1631 ue
837 1568 1098 1657 rhetoricotero’
1116 1568 1217 1630 tusis.

219 1692 317 1757 Hunc
337 1695 448 1756 locum
468 1690 513 1754 ita
537 1687 721 1771 expositum
743 1685 898 1772 cognovi,
920 1697 958 1747 ut
976 1681 1106 1761 Mucio,
1124 1703 1218 1767 repre

219 1809 374 1874 hendentl
387 1821 420 1872 et
428 1811 506 1871 salsa
518 1805 760 1889 comparatione
772 1799 922 1867 irridenti
932 1801 1116 1866 orationem
1128 1821 1217 1875 susm,

219 1926 376 1993 Albucius
400 1925 602 2010 eloquentiae
623 1921 767 2005 inopiam
794 1919 1053 2004 exprobraverit.
1096 1919 1219 1985 Scaevo-

219 2051 251 2111 la
274 2045 376 2120 enim,
397 2043 472 2128 qui,
498 2046 587 2127 quod
606 2060 667 2125 pro
690 2061 722 2104 se
742 2059 823 2123 opus
845 2051 937 2115 erat,
958 2037 1025 2121 ipse
1049 2038 1220 2104 solebatdi·

222 2183 313 2237 cere,
341 2174 379 2225 ut
396 2163 436 2224 de
452 2159 596 2243 pecuniis
611 2155 798 2241 repetundis
821 2170 935 2221 contra
953 2154 1146 2234 Albucium,
1158 2178 1222 2220 ors·

222 2293 335 2342 torum
367 2277 401 2342 in
437 2296 578 2339 numero
602 2296 669 2339 non
690 2290 778 2351 erat,
802 2297 945 2361 eumque
964 2279 1135 2341 enucleate
1152 2273 1220 2358 qni-

223 2398 300 2460 dcm
321 2406 354 2458 et
371 2393 475 2477 polite
491 2411 584 2457 suem
605 2413 735 2457 causam
748 2391 947 2471 defendisse,
959 2414 1170 2478 nequaquam
1182 2404 1222 2454 ta·

223 2532 301 2575 men
320 2532 357 2575 ea
374 2505 408 2573 vi
430 2522 529 2592 etque
552 2509 666 2592 copia,
690 2531 792 2598 quam
816 2509 897 2574 illud
913 2509 1028 2594 judicii
1046 2527 1224 2596 genuspoe-

223 2630 372 2706 tutabat,
389 2641 523 2693 constat.
570 2624 684 2710 Quum
705 2648 784 2691 uero
798 2626 948 2691 acerbam
971 2626 1103 2691 Albucii
1116 2645 1224 2709 expro-

223 2744 374 2810 bratione
407 2747 665 2811 stomacharetur
696 2745 767 2820 ille,
801 2743 950 2808 maluisse
974 2742 1105 2825 Crassi,
1126 2738 1227 2830 generi

224 2863 286 2937 sui,
298 2862 500 2925 mentionem
521 2862 664 2945 injicere,
690 2883 791 2944 quam
799 2882 893 2924 suam
903 2860 1031 2925 dicendi
1046 2864 1225 2926 facultatem

228 2978 316 3042 inani
336 2977 572 3062 praedicatione
596 2978 680 3042 tueri
690 2977 720 3044 2.
741 2977 814 3042 Non
837 2976 941 3053 uideo,
962 2977 1043 3060 quid
1066 2976 1128 3042 ista
1140 2975 1227 3042 Clas·

224 3095 250 3157 si
268 3094 394 3157 mentio
425 3093 595 3158 Scaevolae
622 3098 769 3176 prodesse
785 3094 930 3179 potuerit
947 3096 989 3158 ad
1010 3091 1063 3158 sui
1081 3091 1227 3158 sermonis

226 3208 420 3272 tenuitatem
449 3211 677 3275 excusandam.
723 3208 836 3296 Neque
853 3231 932 3275 vero
957 3209 1061 3275 verba
1074 3207 1228 3276 Ciceronis

226 3330 365 3405 docent,
381 3329 514 3413 jactasse
531 3348 608 3391 enm
632 3326 737 3393 Crassi
755 3328 997 3414 eloquentiam,
1016 3330 1074 3393 sed
1096 3327 1228 3392 illusisse

260 3565 274 3603 s
314 3551 389 3602 Gie.
416 3552 504 3607 Brut.
523 3547 569 3612 55,
589 3547 650 3603 131.
668 3548 794 3612 265102.
812 3551 894 3602 Orat.
913 3547 960 3613 ts,
981 3545 1041 3617 1⁴9.
1072 3545 1231 3615 Scomb-

260 3663 277 3696 α
312 3643 524 3696 D'Arnaud
545 3644 622 3696 vitas
645 3644 845 3696 Scaevolarum
862 3661 891 3711 p.
913 3644 956 3699 33.
989 3643 1114 3697 Crassi
1135 3641 1230 3696 mentio

227 3756 337 3810 quoqne
354 3738 424 3789 secla
448 3737 557 3790 videtur
580 3739 617 3790 fr.
637 3739 677 3803 X,
697 3755 729 3810 ι,
749 3738 797 3791 ubi
808 3741 951 3804 judicium
969 3739 1109 3792 bonomia
1128 3738 1230 3792 Crassis

227 3844 393 3905 competere·
399 3833 526 3900 pluribus
548 3835 715 3902 explicatum
726 3835 811 3887 luisse
827 3835 941 3890 dieitur.
960 3832 1026 3889 lion
1044 3836 1164 3889 alienum
1184 3851 1229 3886 sn·

226 3939 281 3984 lem
309 3936 372 3999 eal,
399 3931 547 3983 Scaevolae
565 3938 592 3984 et
612 3932 726 3985 Albucii
745 3931 949 3986 contentionem
967 3931 1001 3983 ad
1019 3931 1041 3987 1.
1062 3932 1089 3986 Χ
1107 3918 1231 4003 referre,

226 4045 281 4098 qum
300 4033 422 4082 oralores
440 4028 542 4095 pelilos
560 4046 616 4081 esse
635 4029 806 4082 narravimus
823 4048 849 4096 p.
871 4046 932 4100 177,
955 4033 1015 4101 196.
