2580 4756
623 405 660 464 71

127 582 231 646 illam
259 580 366 646 induci
399 581 584 664 opinionem
607 594 757 663 poterant
788 582 1008 659 acdebebant,
1028 597 1064 647 ut
1084 606 1142 648 ae·

136 713 270 765 ternam
307 703 376 765 fore
401 700 461 764 eibi
495 703 740 783 persuaderent3
775 701 896 784 quippe
916 701 962 767 sic
983 703 1140 786 paulatim

134 833 235 886 aucta
263 842 300 884 ac
315 819 454 884 stabilita
478 821 597 895 fuerat,
630 828 669 882 ut
692 819 737 884 vie
760 819 788 882 ei
810 822 900 883 nulla
920 822 1063 886 resistere
1086 834 1143 885 aut

130 938 308 1003 interitum
333 937 441 1000 moliri
460 958 551 1020 posse
574 936 747 1003 videretur.
794 937 857 1002 Sed
876 922 900 1002 a
913 960 1045 1003 summo
1066 943 1141 1026 glo-

132 1057 205 1123 riae
217 1056 443 1140 potentiaeque
463 1056 589 1142 fastigio
609 1077 674 1140 quo
691 1056 823 1139 propius
843 1057 977 1122 aberant
989 1058 1141 1135 Romani,

133 1195 176 1240 eo
209 1175 336 1260 gravius
358 1174 522 1258 undique,
557 1196 598 1238 ne
618 1174 703 1238 intus
726 1188 990 1259 corrumperetur
1014 1177 1140 1252 civitae,

132 1294 323 1378 periculum
349 1293 553 1358 imminebat.
599 1291 689 1378 Quae
717 1293 752 1356 P.
787 1294 927 1358 Aemilio
960 1297 999 1359 de
1022 1295 1135 1360 Perseo

133 1412 354 1477 Macedonum
385 1434 461 1499 rege
487 1413 664 1498 contigerat
694 1412 827 1477 victoria
861 1437 893 1478 a,
923 1416 987 1478 586
1022 1411 1139 1502 (168),

132 1528 335 1595 nobilissima
356 1533 462 1593 fuerat
482 1543 514 1594 et
532 1511 797 1612 praedicabatur,
820 1534 875 1596 sed
897 1533 1008 1596 nocuit
1028 1534 1140 1596 eadem

133 1649 223 1715 vitae
259 1668 456 1732 morumque
477 1646 694 1732 simplicitati,
729 1649 851 1733 quippe
886 1664 989 1715 tantas
1015 1652 1139 1715 Romae
1177 1653 1179 1656 ’

134 1767 264 1832 divitias
284 1767 438 1842 inferens,
475 1777 512 1829 ut
534 1766 589 1830 diu
615 1766 746 1831 tributis
765 1770 1041 1850 supersederetur,
1065 1781 1140 1831 tan-

133 1900 236 1971 toque
267 1884 365 1951 simul
393 1883 582 1949 imitationis
617 1885 724 1948 studio
756 1885 918 1950 civitatem
952 1886 1139 1963 incendens,

135 2019 177 2070 ut
207 2003 403 2091 negligentia
437 2003 562 2087 antiqui
607 2003 707 2067 moris
744 2017 842 2088 atque
879 2004 1016 2069 instituti
1049 2005 1143 2070 brevi

133 2136 398 2208 consequeretur.
452 2121 703 2186 Invalcscentem
740 2144 778 2185 eo
813 2136 960 2207 tempore
997 2124 1141 2208 discipli-

132 2263 196 2308 nae
222 2240 320 2306 civilis
349 2240 612 2324 depravationem
644 2239 793 2326 Polybius
822 2242 915 2306 nobis
951 2230 1004 2306 bis'
1032 2243 1137 2308 verbis

132 2359 346 2448 significavit:
380 2359 418 2424 Oi
449 2361 507 2442 μὲν
541 2362 600 2444 γὰρ
625 2357 792 2442 (Scipionis
822 2361 948 2445 juvenis
979 2360 1137 2447 aequales)

135 2484 180 2554 εἷς
211 2480 380 2566 ἐρωμένους
410 2481 474 2544 τῶν
495 2477 595 2556 νέαν,
631 2481 661 2542 οἱ
696 2477 769 2552 δἐίς
791 2482 916 2564 ἑταίρας
939 2480 1118 2566 ἐξεκέχυντο
1127 2528 1151 2562 ,A

121 2598 250 2664 Ιπολλοί
274 2597 307 2662 δέ
331 2602 374 2672 είς
396 2599 578 2682 ἀκροάματα
601 2600 653 2661 καὶ
677 2602 792 2670 πότους
815 2601 872 2661 καί
891 2603 948 2679 τὴν
973 2601 1139 2673 ἐντοιίτοις

134 2716 363 2796 πολυτέλειαν,
393 2717 512 2803 ταχέως
541 2720 713 2801 ἡρπακότες
745 2719 779 2780 ἐν
812 2721 857 2800 τῷ
878 2722 1021 2803 Περσικῷ
1044 2717 1140 2782 πολέ-

133 2863 185 2921 μῳ
218 2840 277 2917 τὴν
306 2837 371 2900 τῶν
401 2833 563 2914 Ἑλλήνων
595 2835 637 2905 εἰς
667 2838 758 2897 τοῦτο
789 2835 823 2896 τδ
853 2834 943 2919 μέρος
966 2835 1134 2921 εὐχέρειαν·

135 2957 191 3021 καί
221 2952 391 3040 τηλικαύτῃ
429 2977 477 3025 τις
507 2953 713 3017 ἐνεπεπτώκει
744 2954 814 3037 περὶ
845 2956 885 3017 τὰ
915 2964 1045 3019 τοιαῦτα
1075 2959 1138 3022 τῶν

135 3075 238 3162 ξ’ρνων
266 3073 400 3160 οἷκρασία
428 3079 494 3144 τοῖς
516 3070 617 3150 νέοις,
650 3070 726 3135 ὥστε
749 3069 883 3146 πολλούς
904 3076 962 3156 μὲν
986 3077 1138 3159 ἐρώμενον

132 3193 324 3280 ἠγορακέναι
347 3190 514 3257 ταλάντου.
561 3191 691 3278 Συνέβη
714 3189 747 3264 δέ
757 3239 771 3270 ,ι
792 3196 849 3272 την
872 3199 1032 3277 παροῦσαν
1055 3197 1140 3280 αἵρε-

135 3308 286 3381 σινοίον
317 3309 476 3394 ἐκλάμψαι
506 3313 587 3374 κατὰ
610 3312 680 3383 τους
710 3315 768 3375 νῦν
791 3309 973 3393 λεγομένους
996 3317 1139 3397 καιρούς,

135 3434 263 3518 πρῶτον
292 3434 350 3513 μέν
384 3429 513 3509 διὰτὸ,
545 3428 775 3512 καταλυθείσης
807 3437 863 3511 τῆς,
895 3433 929 3495 ἐν
951 3431 1140 3516 ,Μακεδονία

136 3549 317 3638 βασιλείας,
355 3549 457 3615 δοκεῖν
488 3547 635 3634 οίδηριτον
666 3549 771 3620 αὐτοῖς
801 3552 951 3633 ὑπάρχειν
976 3555 1039 3631 ,τὴν
1069 3556 1139 3637 περί

137 3673 203 3736 ’τῶν
234 3668 315 3735 ὅλον
354 3669 508 3745 ἐξουσίαν·
542 3670 651 3732 ἔπειτα
682 3666 734 3731 διὰ
765 3671 799 3730 τὸ
831 3666 951 3748 πολλὴν
987 3672 1135 3752 ἐπίηασιν

137 3789 287 3870 γενέσθαι
311 3794 364 3870 τῆς
387 3766 586 3870 εὐδαιμονίας
608 3790 678 3872 περί
701 3811 733 3850 τε
757 3790 826 3859 τοδς
850 3787 919 3850 κατ’
944 3786 1028 3854 ἰδίαν
1052 3794 1139 3877 βίους
1226 3825 1229 3831 ·

139 3911 193 3973 καί
223 3911 294 3994 περί
324 3910 365 3971 τοί
395 3910 505 3985 κοινοί,
530 3909 593 3971 τῶν
618 3910 650 3970 ἐκ
673 3905 878 3979 Μακεδονίας
900 3919 1139 3992 μετακομισδει-

142 4030 205 4108 σῶν
228 4031 272 4102 εἷς
295 4032 354 4110 τίχν
377 4026 506 4110 Ῥώμην
531 4028 683 4113 χορηγιῶν
701 4025 726 4089 ¹.
772 4023 888 4113 Neque
912 4028 1044 4092 verchie
1070 4028 1140 4126 dis-

78 4275 81 4279 ’
172 4272 183 4307 ι
223 4249 449 4316 xxxii,n.'
