2580 4756
596 389 656 450 231

163 565 236 632 Aut
253 568 404 652 paula-m
423 565 636 638 abstulerat,
656 564 806 648 patinae
829 562 991 626 coenabat
1005 565 1126 636 errati,

164 684 203 750 V
201 687 270 748 itte
296 696 328 747 et
348 686 519 771 agninae,
545 682 661 745 tribue
686 683 782 744 areis
800 679 891 767 qaod
913 683 1131 756 satiarent,

162 800 306 866 Scilicet
331 813 370 864 ut
390 813 525 864 aeatrea
546 802 666 864 laurera
684 797 847 862 euadente
868 809 1029 884 nepotum

164 920 307 983 Diaeret
325 917 486 993 urendae,
512 929 685 981 oorreater
707 915 862 980 Boetius.
909 914 1005 979 Idem

167 1036 353 1124 Quidquid
375 1047 451 1100 erat
471 1047 595 1098 aaatua
613 1034 765 1121 praedae
787 1035 955 1119 majoris,
970 1033 1137 1098 abietum

166 1153 334 1219 Verterat
347 1154 537 1239 insumam
547 1164 578 1216 et
588 1156 736 1217 cinerem
749 1175 767 1220 a
781 1175 848 1215 aaa
862 1153 999 1216 berault
1011 1154 1135 1227 mirra

166 1273 313 1359 Ajebut,
340 1275 374 1335 si
396 1275 459 1356 qui
477 1270 773 1346 comoditatem,
799 1294 876 1334 oum
894 1270 1051 1335 citabere

164 1390 235 1456 Nil
255 1390 525 1466 arrationarem,
549 1393 607 1454 nil
631 1391 735 1455 valta
753 1392 920 1476 patariae
943 1391 1076 1476 ampla.
1090 1411 1106 1448 u

122 1488 364 1573 Animadvertit
382 1509 555 1590 interpres,
571 1507 736 1571 Maeuium
756 1508 851 1571 illum
870 1507 1138 1572 Pantolabum

122 1629 247 1691 dictum
264 1649 328 1690 esse
351 1626 466 1702 abeo,
492 1628 582 1710 quod
605 1626 766 1709 quidquid
788 1626 987 1688 offerebatur
1007 1626 1136 1708 accire·
1185 1613 1190 1622 ⁸

122 1758 185 1809 ret:
219 1759 288 1809 orat
320 1759 431 1808 autem
469 1758 502 1809 et
529 1746 675 1809 urbanus
704 1759 736 1808 et
769 1747 928 1820 mordax3
965 1745 1075 1826 itaque
1098 1744 1139 1806 in

121 1887 198 1926 eum
233 1865 312 1948 largi
348 1876 442 1941 erant
473 1876 506 1926 et
537 1862 593 1945 qui
621 1861 806 1926 urbanitate
831 1861 1077 1925 delectabantur
1098 1874 1130 1924 et

122 1983 179 2064 qui
199 1981 448 2043 mordacitatem
478 1980 545 2061 ejus
564 1977 725 2041 timebant
739 1976 765 2039 ¹.
813 1978 1008 2061 Perspicitur
1028 1977 1131 2052 facile,

123 2101 205 2159 haec
224 2100 263 2159 de
285 2095 425 2158 Mallio
448 2095 533 2171 dici„
559 2096 611 2158 cui
624 2095 719 2159 unice
733 2095 1021 2160 convenitlloratii
1034 2099 1144 2161 locus„

121 2213 236 2295 Neque
259 2226 370 2279 tamon
394 2213 446 2276 hio
478 2213 603 2298 magis,
625 2234 726 2296 quam
757 2211 1131 2288 Nomentanumooiua,

123 2332 305 2415 quidquam
319 2377 328 2407 ,
356 2333 442 2395 unde
454 2332 623 2395 efferretur
637 2375 646 2407 ,
659 2331 801 2415 reliquit.
825 2330 934 2413 Quare
947 2353 1052 2415 quum
1066 2332 1139 2414 pri·-

124 2463 198 2514 vata
217 2452 365 2530 sepulcra
385 2449 504 2512 habere
525 2469 593 2512 non
614 2462 743 2530 possent
757 2492 773 2526 ,v
790 2447 826 2510 in
847 2448 996 2529 Esquiliis
1019 2447 1135 2528 publi-

123 2568 167 2630 oie
190 2568 307 2648 sepulti
328 2579 405 2629 eunt
422 2579 514 2628 extra
535 2577 689 2645 portam,
714 2565 747 2626 in
761 2584 827 2645 qua
839 2563 1091 2625 erataeetorium
1104 2561 1132 2627 2.

123 2685 298 2766 Perperam
333 2686 391 2746 hoe
418 2681 542 2745 Horatii
569 2683 717 2762 aequales
743 2680 840 2744 fuiaee
867 2679 964 2742 multi
994 2668 1134 2760 putare·

125 2813 226 2866 runt:
253 2823 330 2864 nam
361 2799 554 2870 Trebatium
572 2817 688 2862 eorum
706 2796 894 2860 nominibus
914 2810 1064 2861 utentem
1082 2800 1135 2861 fe·

123 2921 168 2984 cit
182 2920 221 2992 3,
259 2930 296 2979 ut
315 2913 563 2979 'luxuriosorum
581 2936 703 3001 genua,
728 2936 746 2979 a
769 2915 896 2980 Lucilio
916 2915 951 2979 iu
974 2914 1038 2980 iotis
1062 2938 1141 3001 gra-2

124 3036 253 3102 tissime
273 3047 444 3108 notatum,
468 3034 674 3118 significaret.

168 3153 270 3217 Prout
301 3152 494 3219 Pantolabua
522 3172 653 3217 scurrae
682 3173 853 3234 perronam
882 3156 1020 3221 mirifice
1045 3177 1137 3242 gere·

125 3272 204 3348 bat,
239 3271 285 3334 ita
304 3273 475 3353 aequalem
497 3290 596 3333 ouum
617 3269 818 3335 Maenium
847 3271 1044 3341 scurrilitate
1076 3296 1143 3361 pa·-

125 3411 197 3453 rem
221 3388 372 3453 habebat.
419 3389 467 3451 De
491 3388 665 3472 quoillud
691 3401 738 3455 eat
761 3375 905 3453 Horatii:
1002 3444 1006 3451 .

170 3507 334 3571 Maeuiae
343 3506 515 3572 absentem
525 3502 683 3571 Novitiae
697 3530 774 3572 aum
788 3517 944 3593 carperet
964 3508 1073 3573 «tau
1086 3521 1144 3586 tua

342 3717 405 3732 -q

159 3833 170 3866 r
214 3818 343 3867 O‘omm.
366 3817 445 3885 Gruq.
468 3832 496 3882 p.
516 3816 592 3872 tear.

160 3933 182 3967 2.
212 3914 269 3966 Id.
286 3913 394 3978 peto.
949 3958 951 3963 .

159 4010 181 4060 5γ
214 4013 275 4061 Sat.
305 4009 347 4072 11,
369 4026 395 4073 ι,
426 4011 1136 4085 mttaquaaomm.aruq.1›.t³tN·oman„
1248 3990 1255 4005 ‘

128 4113 191 4154 tan
205 4124 219 4155 u
231 4123 263 4158 m,
276 4122 327 4171 pro
347 4104 444 4172 quotie
462 4105 603 4158 luxurioso
622 4107 740 4174 potitura
758 4105 835 4162 dicit.
