<?xml version="1.0" encoding="UTF-8"?>
<!DOCTYPE html PUBLIC "-//W3C//DTD XHTML 1.0 Transitional//EN"
    "http://www.w3.org/TR/xhtml1/DTD/xhtml1-transitional.dtd">
<html xmlns="http://www.w3.org/1999/xhtml" xml:lang="en" lang="en">
 <head>
  <title>
</title>
<meta http-equiv="Content-Type" content="text/html;charset=utf-8" />
  <meta name='ocr-system' content='tesseract 3.04.00' />
  <meta name='ocr-capabilities' content='ocr_page ocr_carea ocr_par ocr_line ocrx_word'/>
</head>
<body>
  <div class='ocr_page' id='page_1' title='image "./studiacriticain00heusgoog_0109.png"; bbox 0 0 2580 4756; ppageno 0'>
   <div class='ocr_carea' id='block_1_1' title="bbox 689 336 731 398">
    <p class='ocr_par' dir='ltr' id='par_1_1' title="bbox 689 336 731 398">
     <span class='ocr_line' id='line_1_1' title="bbox 689 336 731 398; baseline -0.048 0"><span class='ocrx_word' id='word_1_1' title='bbox 689 336 731 398; x_wconf 80' lang='lat'>98</span> 
     </span>
    </p>
   </div>
   <div class='ocr_carea' id='block_1_2' title="bbox 204 513 1225 2743">
    <p class='ocr_par' dir='ltr' id='par_1_2' title="bbox 204 513 1221 1320">
     <span class='ocr_line' id='line_1_2' title="bbox 210 513 1218 599; baseline 0.005 -20"><span class='ocrx_word' id='word_1_2' title='bbox 210 514 326 593; x_wconf 90' lang='lat' dir='ltr'>idem,</span> <span class='ocrx_word' id='word_1_3' title='bbox 346 515 404 579; x_wconf 90' lang='lat' dir='ltr'>ubi</span> <span class='ocrx_word' id='word_1_4' title='bbox 428 513 553 599; x_wconf 84' lang='lat' dir='ltr'>requiri</span> <span class='ocrx_word' id='word_1_5' title='bbox 569 514 605 579; x_wconf 90' lang='lat' dir='ltr'>in</span> <span class='ocrx_word' id='word_1_6' title='bbox 624 516 692 598; x_wconf 89' lang='lat' dir='ltr'>ejus</span> <span class='ocrx_word' id='word_1_7' title='bbox 716 514 920 598; x_wconf 75' lang='lat' dir='ltr'>poematibus</span> <span class='ocrx_word' id='word_1_8' title='bbox 939 516 1218 584; x_wconf 67' lang='lat' dir='ltr'>versionem-</span> 
     </span>
     <span class='ocr_line' id='line_1_3' title="bbox 206 633 1218 726; baseline 0.003 -26"><span class='ocrx_word' id='word_1_9' title='bbox 206 638 269 726; x_wconf 78' lang='lat' dir='ltr'>gie</span> <span class='ocrx_word' id='word_1_10' title='bbox 290 633 412 722; x_wconf 78' lang='lat' dir='ltr'>suetos</span> <span class='ocrx_word' id='word_1_11' title='bbox 434 645 466 698; x_wconf 80' lang='lat' dir='ltr'>et</span> <span class='ocrx_word' id='word_1_12' title='bbox 490 645 605 699; x_wconf 75' lang='lat' dir='ltr'>euntes</span> <span class='ocrx_word' id='word_1_13' title='bbox 626 633 799 698; x_wconf 80' lang='lat' dir='ltr'>melliue¹</span> <span class='ocrx_word' id='word_1_14' title='bbox 835 634 998 718; x_wconf 83' lang='lat' dir='ltr'><strong>perhibet.</strong></span> <span class='ocrx_word' id='word_1_15' title='bbox 1044 636 1218 703; x_wconf 84' lang='lat' dir='ltr'>Inconein-</span> 
     </span>
     <span class='ocr_line' id='line_1_4' title="bbox 211 752 1218 839; baseline 0.001 -19"><span class='ocrx_word' id='word_1_16' title='bbox 211 778 290 820; x_wconf 89' lang='lat' dir='ltr'>nam</span> <span class='ocrx_word' id='word_1_17' title='bbox 310 753 406 820; x_wconf 87' lang='lat' dir='ltr'>istam</span> <span class='ocrx_word' id='word_1_18' title='bbox 427 755 610 839; x_wconf 83' lang='lat' dir='ltr'>rudemque</span> <span class='ocrx_word' id='word_1_19' title='bbox 629 772 784 818; x_wconf 72' lang='lat' dir='ltr'>versuum</span> <span class='ocrx_word' id='word_1_20' title='bbox 809 753 1033 820; x_wconf 83' lang='lat' dir='ltr'>conditionem</span> <span class='ocrx_word' id='word_1_21' title='bbox 1052 752 1091 819; x_wconf 91' lang='lat' dir='ltr'>in</span> <span class='ocrx_word' id='word_1_22' title='bbox 1105 756 1218 821; x_wconf 79' lang='lat' dir='ltr'>Lucilii</span> 
     </span>
     <span class='ocr_line' id='line_1_5' title="bbox 207 848 1221 962; baseline 0.002 -22"><span class='ocrx_word' id='word_1_23' title='bbox 207 875 398 962; x_wconf 71' lang='lat' dir='ltr'>fragmentis</span> <span class='ocrx_word' id='word_1_24' title='bbox 431 874 621 958; x_wconf 80' lang='lat' dir='ltr'>interpretes</span> <span class='ocrx_word' id='word_1_25' title='bbox 653 875 728 957; x_wconf 88' lang='lat' dir='ltr'>jure</span> <span class='ocrx_word' id='word_1_26' title='bbox 750 873 1072 939; x_wconf 82' lang='lat' dir='ltr'>arrimadverterunt:</span> <span class='ocrx_word' id='word_1_27' title='bbox 1100 848 1221 962; x_wconf 76' lang='lat' dir='ltr'>majore</span> 
     </span>
     <span class='ocr_line' id='line_1_6' title="bbox 204 992 1219 1078; baseline 0.003 -20"><span class='ocrx_word' id='word_1_28' title='bbox 204 997 278 1078; x_wconf 87' lang='lat' dir='ltr'>jure</span> <span class='ocrx_word' id='word_1_29' title='bbox 302 993 473 1069; x_wconf 81' lang='lat' dir='ltr'>Horatius,</span> <span class='ocrx_word' id='word_1_30' title='bbox 499 993 555 1078; x_wconf 91' lang='lat' dir='ltr'>qui</span> <span class='ocrx_word' id='word_1_31' title='bbox 579 992 722 1078; x_wconf 74' lang='lat' dir='ltr'>integros</span> <span class='ocrx_word' id='word_1_32' title='bbox 745 993 813 1077; x_wconf 88' lang='lat' dir='ltr'>ejus</span> <span class='ocrx_word' id='word_1_33' title='bbox 835 992 935 1057; x_wconf 86' lang='lat' dir='ltr'>libros</span> <span class='ocrx_word' id='word_1_34' title='bbox 957 992 1116 1070; x_wconf 75' lang='lat' dir='ltr'>habebat,</span> <span class='ocrx_word' id='word_1_35' title='bbox 1139 996 1219 1061; x_wconf 83' lang='lat' dir='ltr'>affir-</span> 
     </span>
     <span class='ocr_line' id='line_1_7' title="bbox 210 1112 333 1181; baseline 0.008 -6"><span class='ocrx_word' id='word_1_36' title='bbox 210 1112 333 1181; x_wconf 87' lang='lat' dir='ltr'>mavit:</span> 
     </span>
     <span class='ocr_line' id='line_1_8' title="bbox 384 1229 1110 1320; baseline 0.003 -25"><span class='ocrx_word' id='word_1_37' title='bbox 384 1270 429 1281; x_wconf 89' lang='lat'>—-</span> <span class='ocrx_word' id='word_1_38' title='bbox 451 1233 532 1320; x_wconf 80' lang='lat' dir='ltr'>quis</span> <span class='ocrx_word' id='word_1_39' title='bbox 552 1242 625 1294; x_wconf 84' lang='lat' dir='ltr'>tam</span> <span class='ocrx_word' id='word_1_40' title='bbox 650 1229 907 1318; x_wconf 70' lang='lat' dir='ltr'>Lseistfautor</span> <span class='ocrx_word' id='word_1_41' title='bbox 924 1233 1110 1317; x_wconf 70' lang='lat' dir='ltr'>irrepserat</span> 
     </span>
    </p>

    <p class='ocr_par' dir='ltr' id='par_1_3' title="bbox 204 1350 1221 1672">
     <span class='ocr_line' id='line_1_9' title="bbox 250 1350 686 1438; baseline -0.005 -22"><span class='ocrx_word' id='word_1_42' title='bbox 250 1351 307 1416; x_wconf 18' lang='lat' dir='ltr'>‘Ut</span> <span class='ocrx_word' id='word_1_43' title='bbox 328 1375 397 1416; x_wconf 78' lang='lat' dir='ltr'>nese</span> <span class='ocrx_word' id='word_1_44' title='bbox 414 1352 474 1415; x_wconf 75' lang='lat' dir='ltr'>hoe</span> <span class='ocrx_word' id='word_1_45' title='bbox 490 1350 686 1438; x_wconf 78' lang='lat' dir='ltr'>fateatur?</span> 
     </span>
     <span class='ocr_line' id='line_1_10' title="bbox 204 1469 1221 1556; baseline 0.001 -22"><span class='ocrx_word' id='word_1_46' title='bbox 204 1470 321 1555; x_wconf 76' lang='lat' dir='ltr'>&#39;Neque</span> <span class='ocrx_word' id='word_1_47' title='bbox 352 1471 440 1535; x_wconf 88' lang='lat' dir='ltr'>aliud</span> <span class='ocrx_word' id='word_1_48' title='bbox 470 1469 633 1554; x_wconf 86' lang='lat' dir='ltr'>judicium</span> <span class='ocrx_word' id='word_1_49' title='bbox 668 1489 733 1533; x_wconf 88' lang='lat' dir='ltr'>esse</span> <span class='ocrx_word' id='word_1_50' title='bbox 764 1471 804 1532; x_wconf 90' lang='lat' dir='ltr'>de</span> <span class='ocrx_word' id='word_1_51' title='bbox 834 1489 873 1532; x_wconf 86' lang='lat' dir='ltr'>eo</span> <span class='ocrx_word' id='word_1_52' title='bbox 894 1482 1044 1553; x_wconf 82' lang='lat' dir='ltr'>poterat,</span> <span class='ocrx_word' id='word_1_53' title='bbox 1069 1471 1132 1556; x_wconf 92' lang='lat' dir='ltr'>qui</span> <span class='ocrx_word' id='word_1_54' title='bbox 1153 1472 1221 1556; x_wconf 83' lang='lat' dir='ltr'>ipre</span> 
     </span>
     <span class='ocr_line' id='line_1_11' title="bbox 204 1579 962 1672; baseline -0.005 -17"><span class='ocrx_word' id='word_1_55' title='bbox 204 1611 340 1657; x_wconf 72' lang='lat' dir='ltr'>suarem</span> <span class='ocrx_word' id='word_1_56' title='bbox 362 1609 460 1652; x_wconf 88' lang='lat' dir='ltr'>suum</span> <span class='ocrx_word' id='word_1_57' title='bbox 483 1579 637 1652; x_wconf 85' lang='lat' dir='ltr'>indicavit</span> <span class='ocrx_word' id='word_1_58' title='bbox 660 1610 765 1672; x_wconf 89' lang='lat' dir='ltr'>quum</span> <span class='ocrx_word' id='word_1_59' title='bbox 787 1589 962 1653; x_wconf 73' lang='lat' dir='ltr'>scriberet:</span> 
     </span>
    </p>

    <p class='ocr_par' dir='ltr' id='par_1_4' title="bbox 716 1707 1017 1793">
     <span class='ocr_line' id='line_1_12' title="bbox 716 1707 1017 1793; baseline 0.007 -23"><span class='ocrx_word' id='word_1_60' title='bbox 716 1718 719 1722; x_wconf 77' lang='grc'>’</span> <span class='ocrx_word' id='word_1_61' title='bbox 817 1740 863 1756; x_wconf 83' lang='lat'>·--</span> <span class='ocrx_word' id='word_1_62' title='bbox 888 1707 1017 1793; x_wconf 77' lang='lat' dir='ltr'>etjam</span> 
     </span>
    </p>

    <p class='ocr_par' dir='ltr' id='par_1_5' title="bbox 245 1826 1223 1915">
     <span class='ocr_line' id='line_1_13' title="bbox 245 1826 1223 1915; baseline 0.002 -23"><span class='ocrx_word' id='word_1_63' title='bbox 245 1829 470 1915; x_wconf 82' lang='lat' dir='ltr'>‹Conja‘eere</span> <span class='ocrx_word' id='word_1_64' title='bbox 494 1829 540 1890; x_wconf 74' lang='lat' dir='ltr'>in</span> <span class='ocrx_word' id='word_1_65' title='bbox 559 1849 705 1891; x_wconf 78' lang='lat' dir='ltr'>versus</span> <span class='ocrx_word' id='word_1_66' title='bbox 728 1826 862 1890; x_wconf 80' lang='lat' dir='ltr'>dietum</span> <span class='ocrx_word' id='word_1_67' title='bbox 879 1829 1223 1914; x_wconf 56' lang='lat' dir='ltr'>praeeaffvolebam</span> 
     </span>
    </p>

    <p class='ocr_par' dir='ltr' id='par_1_6' title="bbox 204 1944 1225 2743">
     <span class='ocr_line' id='line_1_14' title="bbox 248 1944 407 2011; baseline 0.006 -1"><span class='ocrx_word' id='word_1_68' title='bbox 248 1944 407 2011; x_wconf 46' lang='lat' dir='ltr'>Grani&amp;</span> 
     </span>
     <span class='ocr_line' id='line_1_15' title="bbox 204 2061 1224 2151; baseline 0.004 -23"><span class='ocrx_word' id='word_1_69' title='bbox 204 2064 370 2148; x_wconf 77' lang='lat' dir='ltr'>Idemque</span> <span class='ocrx_word' id='word_1_70' title='bbox 401 2063 537 2128; x_wconf 91' lang='lat' dir='ltr'>efficitur</span> <span class='ocrx_word' id='word_1_71' title='bbox 557 2084 598 2126; x_wconf 83' lang='lat' dir='ltr'>ex</span> <span class='ocrx_word' id='word_1_72' title='bbox 623 2061 755 2127; x_wconf 87' lang='lat' dir='ltr'>Albucii</span> <span class='ocrx_word' id='word_1_73' title='bbox 777 2064 941 2131; x_wconf 82' lang='lat' dir='ltr'>irrisione:</span> <span class='ocrx_word' id='word_1_74' title='bbox 964 2065 1000 2129; x_wconf 91' lang='lat' dir='ltr'>in</span> <span class='ocrx_word' id='word_1_75' title='bbox 1023 2087 1094 2151; x_wconf 89' lang='lat' dir='ltr'>qno</span> <span class='ocrx_word' id='word_1_76' title='bbox 1112 2066 1160 2132; x_wconf 84' lang='lat' dir='ltr'>sic</span> <span class='ocrx_word' id='word_1_77' title='bbox 1176 2070 1224 2132; x_wconf 81' lang='lat' dir='ltr'>fe·</span> 
     </span>
     <span class='ocr_line' id='line_1_16' title="bbox 209 2179 831 2265; baseline 0.002 -20"><span class='ocrx_word' id='word_1_78' title='bbox 209 2182 255 2245; x_wconf 87' lang='lat' dir='ltr'>eit</span> <span class='ocrx_word' id='word_1_79' title='bbox 268 2184 433 2265; x_wconf 89' lang='lat' dir='ltr'>jocantem</span> <span class='ocrx_word' id='word_1_80' title='bbox 457 2179 645 2245; x_wconf 84' lang='lat' dir='ltr'>Scaevolam</span> <span class='ocrx_word' id='word_1_81' title='bbox 670 2182 831 2246; x_wconf 87' lang='lat' dir='ltr'>Lucilius:</span> 
     </span>
     <span class='ocr_line' id='line_1_17' title="bbox 212 2297 1224 2386; baseline 0.007 -24"><span class='ocrx_word' id='word_1_82' title='bbox 212 2298 326 2386; x_wconf 78' lang='lat' dir='ltr'>Quum</span> <span class='ocrx_word' id='word_1_83' title='bbox 338 2297 447 2385; x_wconf 81' lang='lat' dir='ltr'>lepide</span> <span class='ocrx_word' id='word_1_84' title='bbox 461 2300 566 2362; x_wconf 67' lang='lat' dir='ltr'>lemeis</span> <span class='ocrx_word' id='word_1_85' title='bbox 586 2311 797 2386; x_wconf 80' lang='lat' dir='ltr'>composta</span> <span class='ocrx_word' id='word_1_86' title='bbox 807 2324 823 2363; x_wconf 90' lang='lat' dir='ltr'>e</span> <span class='ocrx_word' id='word_1_87' title='bbox 832 2306 848 2363; x_wconf 89' lang='lat'><em>!</em></span> <span class='ocrx_word' id='word_1_88' title='bbox 857 2313 899 2365; x_wconf 76' lang='lat' dir='ltr'>ast</span> <span class='ocrx_word' id='word_1_89' title='bbox 912 2304 1102 2367; x_wconf 75' lang='lat' dir='ltr'>tesserulae</span> <span class='ocrx_word' id='word_1_90' title='bbox 1114 2322 1224 2369; x_wconf 71' lang='lat' dir='ltr'>omues</span> 
     </span>
     <span class='ocr_line' id='line_1_18' title="bbox 213 2417 1112 2506; baseline 0.003 -23"><span class='ocrx_word' id='word_1_91' title='bbox 213 2417 303 2483; x_wconf 81' lang='lat' dir='ltr'>Arte</span> <span class='ocrx_word' id='word_1_92' title='bbox 321 2421 520 2506; x_wconf 74' lang='lat' dir='ltr'>pavimenti</span> <span class='ocrx_word' id='word_1_93' title='bbox 537 2430 641 2506; x_wconf 81' lang='lat' dir='ltr'>atque</span> <span class='ocrx_word' id='word_1_94' title='bbox 663 2418 860 2484; x_wconf 80' lang='lat' dir='ltr'>emblemate</span> <span class='ocrx_word' id='word_1_95' title='bbox 882 2423 1112 2486; x_wconf 77' lang='lat' dir='ltr'>vermiculato</span> 
     </span>
     <span class='ocr_line' id='line_1_19' title="bbox 210 2537 409 2604; baseline -0.01 0"><span class='ocrx_word' id='word_1_96' title='bbox 210 2537 409 2604; x_wconf 68' lang='lat' dir='ltr'>Struetaess.</span> 
     </span>
     <span class='ocr_line' id='line_1_20' title="bbox 211 2658 1225 2743; baseline -0.002 -19"><span class='ocrx_word' id='word_1_97' title='bbox 211 2659 260 2724; x_wconf 85' lang='lat' dir='ltr'>Ex</span> <span class='ocrx_word' id='word_1_98' title='bbox 284 2662 348 2723; x_wconf 87' lang='lat' dir='ltr'>hoc</span> <span class='ocrx_word' id='word_1_99' title='bbox 370 2668 482 2723; x_wconf 91' lang='lat' dir='ltr'>autem</span> <span class='ocrx_word' id='word_1_100' title='bbox 503 2678 615 2736; x_wconf 87' lang='lat' dir='ltr'>more,</span> <span class='ocrx_word' id='word_1_101' title='bbox 642 2679 661 2721; x_wconf 90' lang='lat' dir='ltr'>a</span> <span class='ocrx_word' id='word_1_102' title='bbox 686 2678 755 2743; x_wconf 89' lang='lat' dir='ltr'>quo</span> <span class='ocrx_word' id='word_1_103' title='bbox 771 2679 943 2741; x_wconf 89' lang='lat' dir='ltr'>nunquam</span> <span class='ocrx_word' id='word_1_104' title='bbox 959 2658 1112 2724; x_wconf 83' lang='lat' dir='ltr'>flectebat</span> <span class='ocrx_word' id='word_1_105' title='bbox 1132 2659 1225 2725; x_wconf 63' lang='lat' dir='ltr'>Lude</span> 
     </span>
    </p>
   </div>
   <div class='ocr_carea' id='block_1_3' title="bbox 210 2773 1226 2863">
    <p class='ocr_par' dir='ltr' id='par_1_7' title="bbox 210 2773 1226 2863">
     <span class='ocr_line' id='line_1_21' title="bbox 210 2773 1226 2863; baseline 0.002 -22"><span class='ocrx_word' id='word_1_106' title='bbox 210 2779 294 2854; x_wconf 89' lang='lat' dir='ltr'>lius,</span> <span class='ocrx_word' id='word_1_107' title='bbox 322 2801 447 2842; x_wconf 88' lang='lat' dir='ltr'>necesse</span> <span class='ocrx_word' id='word_1_108' title='bbox 479 2791 548 2842; x_wconf 84' lang='lat' dir='ltr'>erat</span> <span class='ocrx_word' id='word_1_109' title='bbox 577 2791 615 2840; x_wconf 88' lang='lat' dir='ltr'>ut</span> <span class='ocrx_word' id='word_1_110' title='bbox 638 2779 734 2859; x_wconf 92' lang='lat' dir='ltr'>plura</span> <span class='ocrx_word' id='word_1_111' title='bbox 754 2777 833 2841; x_wconf 80' lang='lat' dir='ltr'>vitia</span> <span class='ocrx_word' id='word_1_112' title='bbox 858 2773 1037 2842; x_wconf 85' lang='lat' dir='ltr'>orirentur.</span> <span class='ocrx_word' id='word_1_113' title='bbox 1082 2777 1134 2843; x_wconf 81' lang='lat' dir='ltr'>Ae</span> <span class='ocrx_word' id='word_1_114' title='bbox 1155 2780 1226 2863; x_wconf 82' lang='lat' dir='ltr'>pri·</span> 
     </span>
    </p>
   </div>
   <div class='ocr_carea' id='block_1_4' title="bbox 215 2894 1227 3469">
    <p class='ocr_par' dir='ltr' id='par_1_8' title="bbox 215 2894 1227 3469">
     <span class='ocr_line' id='line_1_22' title="bbox 215 2894 1227 2979; baseline 0.004 -21"><span class='ocrx_word' id='word_1_115' title='bbox 215 2918 309 2958; x_wconf 87' lang='lat' dir='ltr'>mum</span> <span class='ocrx_word' id='word_1_116' title='bbox 346 2897 481 2979; x_wconf 86' lang='lat' dir='ltr'>quidem</span> <span class='ocrx_word' id='word_1_117' title='bbox 506 2897 586 2960; x_wconf 90' lang='lat' dir='ltr'>illud</span> <span class='ocrx_word' id='word_1_118' title='bbox 610 2907 677 2970; x_wconf 91' lang='lat' dir='ltr'>est,</span> <span class='ocrx_word' id='word_1_119' title='bbox 712 2894 748 2958; x_wconf 90' lang='lat' dir='ltr'>in</span> <span class='ocrx_word' id='word_1_120' title='bbox 772 2915 838 2978; x_wconf 87' lang='lat' dir='ltr'>quo</span> <span class='ocrx_word' id='word_1_121' title='bbox 861 2894 1077 2959; x_wconf 82' lang='lat' dir='ltr'>urbanissime</span> <span class='ocrx_word' id='word_1_122' title='bbox 1099 2919 1133 2962; x_wconf 86' lang='lat' dir='ltr'>se</span> <span class='ocrx_word' id='word_1_123' title='bbox 1156 2897 1227 2961; x_wconf 87' lang='lat' dir='ltr'>Lu·-</span> 
     </span>
     <span class='ocr_line' id='line_1_23' title="bbox 215 3012 1225 3099; baseline 0.003 -21"><span class='ocrx_word' id='word_1_124' title='bbox 215 3015 281 3078; x_wconf 87' lang='lat' dir='ltr'>eilii</span> <span class='ocrx_word' id='word_1_125' title='bbox 306 3013 446 3078; x_wconf 89' lang='lat' dir='ltr'>similem</span> <span class='ocrx_word' id='word_1_126' title='bbox 473 3012 624 3077; x_wconf 78' lang='lat' dir='ltr'>Horatius</span> <span class='ocrx_word' id='word_1_127' title='bbox 648 3015 766 3099; x_wconf 72' lang='lat' dir='ltr'>fingit,</span> <span class='ocrx_word' id='word_1_128' title='bbox 793 3016 882 3098; x_wconf 88' lang='lat' dir='ltr'>quod</span> <span class='ocrx_word' id='word_1_129' title='bbox 903 3017 1011 3078; x_wconf 87' lang='lat' dir='ltr'>soluto</span> <span class='ocrx_word' id='word_1_130' title='bbox 1032 3017 1225 3081; x_wconf 87' lang='lat' dir='ltr'>metrosub-</span> 
     </span>
     <span class='ocr_line' id='line_1_24' title="bbox 218 3132 1226 3217; baseline 0.006 -22"><span class='ocrx_word' id='word_1_131' title='bbox 218 3133 356 3215; x_wconf 83' lang='lat' dir='ltr'>latisque</span> <span class='ocrx_word' id='word_1_132' title='bbox 392 3133 536 3197; x_wconf 85' lang='lat' dir='ltr'>numeris</span> <span class='ocrx_word' id='word_1_133' title='bbox 574 3132 627 3196; x_wconf 76' lang='lat' dir='ltr'>vir</span> <span class='ocrx_word' id='word_1_134' title='bbox 659 3132 839 3215; x_wconf 83' lang='lat' dir='ltr'>quidquam</span> <span class='ocrx_word' id='word_1_135' title='bbox 862 3133 1000 3217; x_wconf 86' lang='lat' dir='ltr'>supersit</span> <span class='ocrx_word' id='word_1_136' title='bbox 1019 3135 1055 3198; x_wconf 89' lang='lat' dir='ltr'>in</span> <span class='ocrx_word' id='word_1_137' title='bbox 1083 3135 1226 3207; x_wconf 72' lang='lat' dir='ltr'>Lucilia·</span> 
     </span>
     <span class='ocr_line' id='line_1_25' title="bbox 218 3250 1225 3341; baseline 0.005 -26"><span class='ocrx_word' id='word_1_138' title='bbox 218 3275 259 3315; x_wconf 84' lang='lat' dir='ltr'>ua</span> <span class='ocrx_word' id='word_1_139' title='bbox 294 3250 402 3335; x_wconf 80' lang='lat' dir='ltr'>poesi,</span> <span class='ocrx_word' id='word_1_140' title='bbox 437 3252 526 3334; x_wconf 91' lang='lat' dir='ltr'>quod</span> <span class='ocrx_word' id='word_1_141' title='bbox 553 3252 696 3312; x_wconf 87' lang='lat' dir='ltr'>colorem</span> <span class='ocrx_word' id='word_1_142' title='bbox 724 3252 888 3333; x_wconf 71' lang='lat' dir='ltr'>poeticum</span> <span class='ocrx_word' id='word_1_143' title='bbox 911 3255 1069 3318; x_wconf 78' lang='lat' dir='ltr'>ostendat.</span> <span class='ocrx_word' id='word_1_144' title='bbox 1116 3253 1225 3341; x_wconf 82' lang='lat' dir='ltr'>Neque</span> 
     </span>
     <span class='ocr_line' id='line_1_26' title="bbox 216 3367 1224 3469; baseline 0.004 -34"><span class='ocrx_word' id='word_1_145' title='bbox 216 3373 305 3435; x_wconf 89' lang='lat' dir='ltr'>enim</span> <span class='ocrx_word' id='word_1_146' title='bbox 330 3371 472 3433; x_wconf 86' lang='lat' dir='ltr'>sufficere</span> <span class='ocrx_word' id='word_1_147' title='bbox 490 3367 538 3443; x_wconf 85' lang='lat' dir='ltr'>ei,</span> <span class='ocrx_word' id='word_1_148' title='bbox 557 3368 614 3451; x_wconf 93' lang='lat' dir='ltr'>qui</span> <span class='ocrx_word' id='word_1_149' title='bbox 634 3373 748 3469; x_wconf 71' lang='lat' dir='ltr'>poetae</span> <span class='ocrx_word' id='word_1_150' title='bbox 772 3373 867 3434; x_wconf 85' lang='lat' dir='ltr'>laude</span> <span class='ocrx_word' id='word_1_151' title='bbox 887 3371 1003 3457; x_wconf 73' lang='lat' dir='ltr'>dignus</span> <span class='ocrx_word' id='word_1_152' title='bbox 1015 3373 1130 3438; x_wconf 87' lang='lat' dir='ltr'>haberi</span> <span class='ocrx_word' id='word_1_153' title='bbox 1140 3375 1224 3448; x_wconf 82' lang='lat' dir='ltr'>velit,</span> 
     </span>
    </p>
   </div>
   <div class='ocr_carea' id='block_1_5' title="bbox 218 3656 1220 4205">
    <p class='ocr_par' dir='ltr' id='par_1_9' title="bbox 254 3656 540 3726">
     <span class='ocr_line' id='line_1_27' title="bbox 254 3656 540 3726; baseline -0.003 -17"><span class='ocrx_word' id='word_1_154' title='bbox 254 3676 265 3709; x_wconf 94' lang='grc' dir='ltr'><strong>ι</strong></span> <span class='ocrx_word' id='word_1_155' title='bbox 308 3656 540 3726; x_wconf 77' lang='lat' dir='ltr'>sut.1‚10,57.</span> 
     </span>
    </p>

    <p class='ocr_par' dir='ltr' id='par_1_10' title="bbox 254 3757 692 3826">
     <span class='ocr_line' id='line_1_28' title="bbox 254 3757 692 3826; baseline -0.005 -17"><span class='ocrx_word' id='word_1_156' title='bbox 254 3776 270 3809; x_wconf 83' lang='lat'>2</span> <span class='ocrx_word' id='word_1_157' title='bbox 306 3758 438 3808; x_wconf 82' lang='lat' dir='ltr'>Lucil.</span> <span class='ocrx_word' id='word_1_158' title='bbox 458 3760 571 3826; x_wconf 83' lang='lat' dir='ltr'>Fragm.</span> <span class='ocrx_word' id='word_1_159' title='bbox 592 3757 692 3821; x_wconf 83' lang='lat' dir='ltr'><strong>x1,6.</strong></span> 
     </span>
    </p>

    <p class='ocr_par' dir='ltr' id='par_1_11' title="bbox 218 3854 1220 4205">
     <span class='ocr_line' id='line_1_29' title="bbox 255 3854 1220 3927; baseline 0.004 -21"><span class='ocrx_word' id='word_1_160' title='bbox 255 3856 271 3906; x_wconf 80' lang='lat'>3</span> <span class='ocrx_word' id='word_1_161' title='bbox 307 3856 362 3905; x_wconf 85' lang='lat' dir='ltr'>Id.</span> <span class='ocrx_word' id='word_1_162' title='bbox 382 3855 491 3923; x_wconf 69' lang='lat' dir='ltr'>inafr.</span> <span class='ocrx_word' id='word_1_163' title='bbox 511 3857 538 3908; x_wconf 82' lang='lat'>4.</span> <span class='ocrx_word' id='word_1_164' title='bbox 575 3855 773 3906; x_wconf 76' lang='lat' dir='ltr'>structae</span> <span class='ocrx_word' id='word_1_165' title='bbox 797 3854 890 3904; x_wconf 87' lang='lat' dir='ltr'>addidi</span> <span class='ocrx_word' id='word_1_166' title='bbox 908 3873 941 3905; x_wconf 78' lang='lat' dir='ltr'>er</span> <span class='ocrx_word' id='word_1_167' title='bbox 963 3859 1039 3911; x_wconf 81' lang='lat' dir='ltr'>Cic.</span> <span class='ocrx_word' id='word_1_168' title='bbox 1062 3861 1220 3927; x_wconf 70' lang='lat' dir='ltr'>Brutow,</span> 
     </span>
     <span class='ocr_line' id='line_1_30' title="bbox 220 3951 1220 4022; baseline -0.004 -17"><span class='ocrx_word' id='word_1_169' title='bbox 220 3954 283 4022; x_wconf 79' lang='lat'><strong>274.</strong></span> <span class='ocrx_word' id='word_1_170' title='bbox 316 3954 441 4021; x_wconf 83' lang='lat' dir='ltr'>Quint.</span> <span class='ocrx_word' id='word_1_171' title='bbox 460 3955 535 4003; x_wconf 77' lang='lat' dir='ltr'>Inst.</span> <span class='ocrx_word' id='word_1_172' title='bbox 555 3955 601 4003; x_wconf 86' lang='lat' dir='ltr'>Or.</span> <span class='ocrx_word' id='word_1_173' title='bbox 617 3951 674 4015; x_wconf 81' lang='lat' dir='ltr'>lX,</span> <span class='ocrx_word' id='word_1_174' title='bbox 690 3954 720 4004; x_wconf 74' lang='lat'>4.</span> <span class='ocrx_word' id='word_1_175' title='bbox 740 3951 937 4009; x_wconf 83' lang='lat' dir='ltr'>Pavimenti</span> <span class='ocrx_word' id='word_1_176' title='bbox 957 3970 1006 4020; x_wconf 90' lang='lat' dir='ltr'>pro</span> <span class='ocrx_word' id='word_1_177' title='bbox 1025 3956 1220 4021; x_wconf 81' lang='lat' dir='ltr'>pavimento</span> 
     </span>
     <span class='ocr_line' id='line_1_31' title="bbox 218 4047 1220 4123; baseline -0.003 -21"><span class='ocrx_word' id='word_1_178' title='bbox 218 4070 253 4102; x_wconf 82' lang='lat' dir='ltr'>ex</span> <span class='ocrx_word' id='word_1_179' title='bbox 276 4052 378 4104; x_wconf 80' lang='lat' dir='ltr'>Scali</span> <span class='ocrx_word' id='word_1_180' title='bbox 381 4051 461 4119; x_wconf 83' lang='lat' dir='ltr'>geri</span> <span class='ocrx_word' id='word_1_181' title='bbox 479 4050 586 4101; x_wconf 81' lang='lat' dir='ltr'>adnott.</span> <span class='ocrx_word' id='word_1_182' title='bbox 604 4054 643 4102; x_wconf 83' lang='lat' dir='ltr'>ad</span> <span class='ocrx_word' id='word_1_183' title='bbox 659 4052 761 4104; x_wconf 82' lang='lat' dir='ltr'>Manil.</span> <span class='ocrx_word' id='word_1_184' title='bbox 779 4067 807 4123; x_wconf 75' lang='lat' dir='ltr'>p.</span> <span class='ocrx_word' id='word_1_185' title='bbox 823 4050 893 4112; x_wconf 69' lang='lat'>455,</span> <span class='ocrx_word' id='word_1_186' title='bbox 925 4053 1059 4104; x_wconf 81' lang='lat' dir='ltr'>mouentis</span> <span class='ocrx_word' id='word_1_187' title='bbox 1082 4047 1220 4121; x_wconf 77' lang='lat' dir='ltr'>pavimenti</span> 
     </span>
     <span class='ocr_line' id='line_1_32' title="bbox 221 4145 619 4205; baseline -0.01 -5"><span class='ocrx_word' id='word_1_188' title='bbox 221 4158 305 4200; x_wconf 74' lang='lat' dir='ltr'>artem</span> <span class='ocrx_word' id='word_1_189' title='bbox 325 4166 380 4200; x_wconf 83' lang='lat' dir='ltr'>ease</span> <span class='ocrx_word' id='word_1_190' title='bbox 400 4145 619 4205; x_wconf 77' lang='lat' dir='ltr'>tesseiiaiionem.</span> 
     </span>
    </p>
   </div>
   <div class='ocr_carea' id='block_1_6' title="bbox 0 0 1304 4756">
    <p class='ocr_par' dir='ltr' id='par_1_12' title="bbox 0 0 1304 4756">
     <span class='ocr_line' id='line_1_33' title="bbox 0 0 1304 4756; baseline 0 0"><span class='ocrx_word' id='word_1_191' title='bbox 0 0 1304 4756; x_wconf 95' lang='lat' dir='ltr'> </span> 
     </span>
    </p>
   </div>
  </div>
 </body>
</html>
