2580 4756
190 1017 234 1090 0·
264 1015 453 1087 LUCILII
482 1014 688 1087 utuntus
722 1017 782 1085 ΕΤ
810 1013 1068 1085 luctantum.

192 1726 399 1824 Proximum
418 1752 489 1835 jam
511 1760 581 1829 est,
608 1761 645 1814 ut
665 1752 704 1816 de
716 1749 831 1817 Lucilii
853 1752 982 1840 ingenio
1000 1773 1038 1818 ac
1063 1768 1137 1817 mo·

132 1869 412 1936 rinnfficamus.
457 1866 554 1954 Quod
580 1882 812 1956 argumentum
844 1892 911 1955 quo
943 1871 1070 1958 gravius
1091 1885 1137 1938 est

133 1988 222 2054 illius
264 1989 325 2054 viri
368 1989 511 2052 indolem
545 1988 829 2075 investigantibus,
873 1990 963 2074 cujus
994 1991 1137 2056 maxime

133 2109 303 2192 praeclara
323 2107 357 2172 in
378 2107 585 2172 emendandis
613 2108 798 2191 aequalium
820 2108 965 2173 moribus
988 2111 1135 2174 voluntas

134 2227 220 2303 fuit,
259 2247 297 2292 eo
329 2225 549 2292 vehementius
577 2227 722 2291 dolemus
758 2229 914 2310 amplam,
944 2229 1031 2292 unde
1053 2249 1136 2311 quae

137 2349 206 2412 huc
236 2345 404 2430 pertinent
438 2345 644 2420 hauriamus,
676 2346 847 2410 materiam
871 2345 984 2412 deesse.
1042 2346 1135 2412 Hanc

136 2464 235 2549 ipsius
253 2469 366 2548 poe'tae
385 2463 505 2548 scripta
527 2463 767 2540 continuerunt,
783 2464 905 2550 quippe
924 2485 992 2529 non
1005 2477 1134 2530 tantum

135 2583 222 2648 vitae
246 2583 406 2648 rationem
433 2594 621 2666 ceteraque,
644 2603 727 2666 quae
746 2582 805 2666 ipsi
821 2582 1047 2646 memorabilia
1063 2604 1136 2648 eve·

134 2712 269 2781 nerant,
290 2699 492 2775 exhibentia,
516 2699 686 2764 sedetiam
712 2699 814 2764 animi
835 2698 962 2776 studia,
984 2699 1133 2778 consilia,

137 2833 237 2897 vota,
273 2817 354 2885 sitia
378 2815 518 2904 denique
542 2829 574 2882 et
602 2817 738 2883 virtutes
762 2838 874 2882 omnes
886 2817 1059 2883 lectoribus
1082 2820 1136 2884 in-

133 2956 242 3024 genue
270 2932 450 3020 prodentia.
495 2932 608 3019 Neque
640 2947 751 2999 tamen
772 2955 902 3018 prorsus
924 2934 1133 3024 ignoramus,

135 3057 237 3142 qualev
252 3052 412 3139 judicium
435 3055 475 3117 de
496 3050 616 3117 Lucilii
635 3048 743 3117 indole
765 3055 937 3118 ferendum
954 3054 1005 3121 sit.
1042 3054 1134 3132 Cau·

132 3197 168 3240 sa
200 3192 288 3240 vero·
306 3184 352 3237 est
384 3192 443 3236 cur
470 3168 589 3236 eximie
614 3173 654 3235 de
683 3193 720 3236 ea
737 3168 968 3239 existimemus.
1014 3172 1135 3242 Scribit

81 3305 83 3311 '
136 3293 228 3358 enim
244 3290 418 3364 Horatius,
442 3302 623 3354 memorata
644 3286 763 3368 Lucilii
780 3290 940 3356 scribendi
962 3291 1133 3359 libertate:

181 3406 324 3475 Scilicet
346 3409 412 3471 uni
431 3428 558 3493 aequus
579 3409 711 3471 virtuti
726 3419 828 3494 atque
849 3409 924 3495 ejm
946 3412 1072 3474 amicis
1086 3411 1112 3478 ¹.

139 3527 216 3615 Quo
235 3525 336 3593 etiam
346 3524 461 3592 referri
475 3538 604 3610 oportet
623 3527 765 3611 ejusdem
777 3527 858 3591 illud
868 3530 909 3591 ad
920 3527 1111 3595 Trebatium
1126 3565 1133 3595 i

313 3681 359 3695 ·-
379 3667 432 3709 me
449 3643 596 3733 pedibus
611 3643 760 3714 ,detestat
777 3643 937 3710 claudere
956 3648 1057 3713 verba

182 3765 303 3832 bracili
322 3767 412 3842 rito,
428 3776 585 3830 nostrum
605 3763 763 3830 melioris
775 3763 955 3852 utroqu02.
1010 3838 1019 3860 .

173 4073 186 4109 ι
228 4058 290 4108 Sat.
310 4052 353 4120 11,
365 4070 393 4119 ι’,
412 4055 456 4110 68.

175 4170 192 4206 2
228 4150 296 4221 sap.
314 4169 343 4220 p.
360 4151 403 4205 66.
