2580 4756
609 403 672 471 291

134 595 215 661 ret,
247 602 358 647 nonne
380 584 504 666 majore
521 583 595 666 jure
618 581 748 646 Graecis
772 582 1008 648 vindicabimus
1030 597 1062 649 et
1081 585 1150 650 lto-⁶

133 676 245 767 manis
264 701 363 765 literis
386 698 567 766 eximamus
592 701 692 777 illud,
713 703 804 785 cujus
825 704 968 766 formam
991 703 1149 768 domesti-

132 837 232 898 cam,-
252 814 424 885 materiam
441 821 650 907 peregrinam
677 821 773 883 fuisse
797 821 948 884 constet?
977 820 1147 886 Hermann

133 962 208 1006 non
240 941 390 1026 negavit,
425 941 512 1002 haud
535 939 688 1024 exiguam
709 939 777 1002 veri
799 938 939 1021 speciem
964 943 1152 1006 comoediae

133 1061 263 1145 priscae
275 1080 352 1125 cum
366 1056 535 1122 Luciliana
548 1057 647 1121 satira
658 1057 937 1139 comparationem
951 1056 1082 1136 habere,
1095 1063 1151 1124 sed

133 1179 249 1254 addit,
271 1178 483 1262 quantumvis
502 1198 623 1264 magna
646 1173 687 1240 sit
709 1175 866 1240 libertatis
879 1189 911 1240 et
923 1179 1150 1244 amaritudinis

132 1298 229 1365 inter
256 1287 398 1364 comicos
431 1309 465 1360 et
493 1296 635 1360 satiricos
661 1293 820 1372 affinitas,
842 1308 954 1360 tamen
973 1317 1033 1362 nec
1051 1296 1152 1362 metri

135 1415 360 1484 mutationem
392 1416 474 1480 tanti
508 1416 689 1480 faciendam
731 1436 818 1492 esse,
853 1428 887 1479 et
921 1406 983 1480 alia
1018 1438 1083 1481 esse
1115 1418 1151 1480 in

135 1550 282 1621 utroque
310 1548 431 1622 genere
457 1535 601 1598 maxime
632 1534 789 1617 disparia;
826 1534 976 1616 primum
1007 1535 1149 1599 enimin

139 1655 308 1722 comoedia
320 1673 384 1719 esse
397 1657 476 1720 certi
497 1649 684 1740 argumenti
703 1653 935 1736 expositionem
954 1662 986 1717 et
1005 1655 1151 1737 descrip-

139 1777 284 1851 tionem,
314 1783 397 1858 qua‘e
430 1773 466 1835 in
489 1771 592 1836 satiris
617 1772 826 1856 requiratur,
849 1785 923 1834 tum
947 1762 1150 1836 comoediam

140 1894 297 1980 spectanti
327 1895 450 1976 populo
484 1891 629 1956 exhiberi
641 1937 649 1967 ,
670 1891 802 1954 satiram
827 1892 962 1955 lectione
984 1893 1045 1956 teri
1064 1913 1150 1976 pau-

143 2013 293 2080 coruml.
340 2011 424 2076 Hinc
452 2011 526 2075 satis
555 2011 707 2087 efficitur,
743 2031 898 2096 magnam
923 2011 1057 2094 quidem
1078 2034 1150 2076 ma·

144 2126 240 2199 terias
270 2130 516 2199 similitudinem
549 2130 643 2194 fuisse
677 2129 779 2193 satiris
805 2124 919 2194 Lucilii
947 2153 1023 2195 cum
1045 2132 1149 2215 prisca

147 2251 344 2321 Graecorum
374 2249 559 2326 comoedia,
592 2251 717 2313 formae
739 2270 815 2314 vero
833 2248 957 2336 insigne
975 2250 1150 2317 discrimen

143 2371 273 2457 utrique
296 2368 405 2456 generi
432 2368 649 2433 intercessisse.
704 2367 876 2432 Materiam
907 2381 1017 2434 autem
1046 2371 1149 2454 ipsam

140 2483 301 2556 Luciliani
338 2489 442 2572 operis
471 2490 542 2570 jam
575 2499 674 2568 supra
701 2489 792 2560 satis,
827 2488 964 2570 opinor,
1001 2503 1149 2554 accurate

141 2606 452 2694 pervestigavimus,
471 2617 509 2668 ut
532 2595 657 2668 Horatii
679 2604 853 2668 auctoritas
877 2624 990 2667 rerum
1004 2605 1149 2688 ipsarum

137 2721 161 2796 i.
185 2749 216 2794 ea
239 2738 510 2814 argumentorum
539 2703 736 2806 expositione
760 2724 973 2786 confirmetur
986 2722 1013 2788 2.
1059 2724 1150 2809 Quo-

133 2869 218 2913 rum
239 2844 429 2912 varietatem
450 2864 555 2929 quum
577 2857 792 2927 permagnam
805 2842 900 2905 fuisse
913 2843 1067 2924 patuerit,
1090 2865 1149 2927 po-

140 2966 368 3050 tissimumque
397 2985 434 3028 ea
459 2961 649 3047 pertinuisse
668 2961 844 3025 viderimus
866 2963 906 3024 ad
928 2983 1026 3026 omne
1051 2963 1151 3028 vitio-

138 3108 219 3152 rum
239 3085 274 3149 in
293 3081 462 3168 republica
483 3081 688 3169 gliscentium
712 3080 1022 3146 etinvalescentium
1038 3105 1150 3170 genus,

105 3280 109 3289 ¹
141 3195 187 3270 ita
207 3194 499 3268 animadvertimus
521 3189 641 3277 simul,
665 3222 732 3265 non
756 3223 833 3265 eum
844 3201 916 3266 satis
926 3202 1072 3268 habuisse
1086 3203 1152 3268 En·

140 3325 187 3388 nii
218 3324 319 3387 instar
336 3320 516 3387 describere
540 3333 573 3384 et
593 3321 816 3404 exprobrare,
839 3321 864 3385 si
888 3321 967 3406 quid
989 3323 1023 3384 in
1046 3322 1154 3386 mori-

139 3442 225 3522 bus,
247 3438 368 3528 quibus
391 3454 465 3507 tum
488 3439 676 3516 vivebatur,
698 3453 755 3504 aut
778 3439 910 3503 ridiculi
928 3438 1070 3521 speciem
1089 3442 1154 3506 ha-

140 3552 256 3638 beret,
289 3573 347 3627 aut
373 3573 471 3644 turpe
496 3581 534 3624 ac
567 3558 764 3646 flagitiosum
795 3559 1032 3642 scelestumque
1054 3558 1157 3625 inesse·

141 3681 327 3760 videretur,
362 3682 417 3746 sed
451 3682 524 3764 plus
550 3677 687 3742 invidiae
707 3690 821 3761 sponte
839 3673 970 3742 subiisse
998 3699 1036 3742 ac
1062 3701 1154 3746 secu·

130 3801 247 3882 'ritatis
284 3800 434 3884 vitaeque
473 3817 549 3864 suae
589 3797 736 3881 periculo
772 3797 855 3862 cives
889 3796 972 3880 ipsos
1000 3800 1152 3880 expressis

175 4109 189 4146 a
226 4109 256 4160 p.
276 4108 321 4161 29.

176 4208 194 4247 π
229 4190 298 4243 lude
314 4206 328 4240 a
347 4206 375 4256 p.
395 4185 456 4258 159.

642 4284 704 4346 19*
