2580 4756
596 357 662 417 244

132 534 231 613 ipsius
252 534 332 594 vitae
351 535 416 592 sata
439 533 557 594 chartis
578 533 724 594 illeverat
748 531 934 595 variislocis
948 531 1132 598 variabunt

135 663 182 723 ut,
204 651 290 712 unde
305 648 444 730 profecti
459 670 595 722 sumus,
618 652 807 722 redeamus,
832 649 984 734 quisquis
996 653 1133 715 attentiu

135 767 204 840 illa,
231 789 315 850 quae
342 766 528 830 Lactantius
560 789 578 828 e
609 766 736 830 Lucilio
759 769 877 830 hausta
898 769 1011 849 posuit
1027 790 1132 852 nosque

130 885 327 961 -retulimus,
361 886 461 949 rerba
484 885 614 969 legerit,
640 885 819 948 consentiet
837 907 876 948 ea
900 887 999 949 unice
1020 887 1055 949 in
1074 885 1132 950 Sci·

137 1003 270 1084 pionem
309 1005 491 1085 quadrare,
507 1008 510 1013 '
526 1002 584 1085 qui
614 1000 851 1086 Carthaginem
881 1017 916 1067 et
932 1002 1130 1067 Numantiam

136 1121 269 1194 delerit,
295 1120 440 1207 ingentes
463 1119 500 1181 in
523 1119 643 1182 urbem
661 1120 786 1183 divitias
805 1120 950 1196 invexit,
975 1123 1065 1185 auxit
1077 1122 1130 1184 im·

129 1238 266 1318 ,perium
287 1238 419 1319 prolatis
441 1237 583 1313 finibus,
606 1237 776 1321 vectigalia
787 1239 926 1302 meliora
946 1240 1034 1304 fecit.
1056 1237 1130 1323 Qua·

137 1376 172 1416 re
193 1356 248 1417 illa
273 1355 401 1418 virtutis
417 1356 625 1430 definitione,
648 1355 810 1419 Albinum
824 1361 1049 1439 compellans,
1071 1377 1127 1420 usus

136 1493 200 1535 esse
240 1472 383 1546 videtur,
417 1486 454 1536 ut
482 1472 513 1534 ei
544 1473 694 1554 deinceps
736 1471 951 1555 Scipionem,
991 1488 1126 1557 tanquam

137 1590 376 1653 nobilissimum
411 1592 558 1654 laudatae
590 1590 717 1654 virtutis
738 1593 953 1672 exemplum,
975 1591 1017 1654 ob
1037 1593 1124 1655 cedat

138 1720 274 1789 poneret
303 1722 335 1772 et
358 1709 454 1792 digne
480 1711 736 1772 commendaret.
782 1709 895 1791 Atque
919 1709 997 1772 inde
1018 1711 1125 1771 forare

138 1827 268 1890 initium
291 1829 358 1909 ejus
385 1826 537 1889 laudandi
563 1825 667 1889 duxit.
712 1823 783 1889 Hoc
801 1846 880 1888 sane
900 1826 1036 1891 decebat
1054 1846 1122 1897 eum,

139 1946 196 2027 qni
222 1946 280 2008 uni
307 1943 422 2008 virtuti
455 1957 488 2006 et
514 1943 641 2006 virtutis
666 1943 777 2010 amicis
795 1964 944 2026 aequum
960 1965 1002 2007 ‚se
1019 1944 1124 2025 profite

138 2063 247 2127 batur.
293 2063 403 2126 Lubet
419 2076 529 2124 autem
554 2061 688 2145 vestigia
701 2061 873 2144 persequi,
892 2081 980 2143 quae
1000 2061 1035 2126 in
1056 2063 1125 2144 frag·

139 2181 257 2242 mentis
277 2179 463 2262 Scipionem
483 2178 704 2242 Aemilianum
719 2191 865 2261 spectare
883 2179 1046 2246 videntur.

183 2295 223 2357 ln
245 2297 355 2358 multis
373 2316 456 2377 quae
481 2294 626 2376 Scipioni
633 2298 703 2378 jam
712 2296 832 2360 seniori
854 2296 1002 2361 Lucilius
1018 2298 1120 2360 adoles·

140 2416 286 2477 remulus
307 2413 436 2487 debuit,
459 2413 527 2476 sine
540 2413 641 2476 dubio
657 2415 738 2476 illud
750 2414 822 2488 luit,
837 2417 929 2498 quod
941 2415 1064 2500 linguae
1075 2414 1124 2476 La·

140 2533 227 2596 tinae
248 2534 446 2618 singularem
464 2532 616 2614 peritiam
638 2545 767 2595 mature
786 2533 1055 2616 consequebatur.
1076 2528 1124 2594 se

145 2651 234 2734 pioni
249 2653 338 2715 enim
362 2664 399 2715 ut
423 2655 512 2715 haud
532 2652 684 2737 exiguam
702 2652 834 2714 laudem
856 2653 1042 2734 eloquentia
1057 2663 1125 2714 attu-

141 2771 203 2847 lit,
236 2793 301 2854 qua
330 2772 374 2834 sic
405 2770 558 2834 inclaruit
577 2768 613 2831 in
636 2768 846 2852 aequalibus,
863 2782 903 2832 ut
926 2792 1005 2834 curn
1029 2767 1125 2834 caue

143 2902 174 2952 et
210 2889 318 2952 Laelio
340 2891 428 2953 velut
448 2888 575 2951 Atticus
601 2888 829 2952 Romanorum
852 2886 1030 2952 haberetur
1043 2887 1076 2962 ¹,
1094 2885 1125 2946 ita

142 3008 286 3090 ejusdem
320 3026 519 3090 magnopere
547 3005 731 3068 celebratur
760 3018 914 3068 accurata
946 3004 1053 3070 Latini
1075 3021 1127 3066 ser·

144 3123 248 3186 monis
286 3123 437 3206 cognitio.
483 3120 568 3185 Nam
599 3143 704 3205 quum
735 3121 922 3185 communis
945 3122 1052 3197 illius,
1081 3135 1127 3202 qua

143 3239 272 3314 floruit,
296 3239 407 3303 aetatis
433 3242 501 3302 laus
523 3252 602 3304 esset
625 3240 742 3304 Latine
760 3238 934 3322 loquendi,
951 3253 1059 3305 tamen
1072 3255 1127 3303 oon·

144 3371 207 3434 stet
233 3358 384 3421 omnium
406 3357 517 3421 aetatis
540 3379 615 3420 suae
640 3356 810 3439 purissime
834 3357 987 3420 locutum
1008 3377 1068 3421 esse
1078 3349 1127 3418 sci-

146 3477 280 3557 pionem
293 3476 320 3541 2.
367 3474 459 3560 Quae
492 3474 610 3539 Lucilii
647 3475 763 3541 deinde
781 3473 815 3536 in
839 3476 903 3537 hoc
924 3475 1054 3561 linguae
1068 3471 1128 3534 lite·

69 3593 71 3596 ’
147 3616 328 3678 rarumque
361 3595 468 3659 studio
492 3591 650 3657 industria
671 3613 709 3654 ac
721 3590 895 3676 diligentia
914 3593 1015 3661 fuerit
1027 3588 1128 3668 ,intel-

138 3698 259 3797 ligitur
283 3713 380 3788 inde,
402 3714 492 3794 quod
519 3711 552 3774 in
572 3709 659 3773 libro
680 3709 858 3777 satirarum
884 3713 1036 3780 nonode
1056 3701 1129 3777 ttrfiss

162 3893 182 3900 ,ι-
204 3893 223 3896 --
242 3888 437 3906 --οῆ-’Φ--ι

185 4016 193 4047 t
237 4001 312 4060 otc,
333 4002 413 4048 Brut.
434 4016 475 4050 ιι.
498 4003 639 4069 Quint,
659 4002 732 4048 Iusta
753 4002 797 4048 Or.
820 3995 891 4058 ΧΗ,
915 4012 955 4046 to.

185 4118 197 4154 a
237 4098 337 4150 Gall.
359 4096 396 4157 ΙΙ,
424 4115 466 4159 20,
487 4097 512 4148 5.
