2580 4756
678 338 741 394 ‘212

208 511 337 592 gat-ione
360 511 565 573 tribunatum
594 532 689 574 suum
725 522 841 574 notum
866 513 960 587 fecit,
980 512 1105 596 quippe
1117 517 1215 599 legem

208 629 285 690 tulit
312 630 351 690 de
383 628 521 692 tribunis
554 627 656 711 plebis
678 628 873 703 reficiendis,
896 643 933 692 ut
948 633 1092 694 eundem
1114 610 1217 695 tribu·

208 767 291 809 num
313 746 438 827 plebis,
463 746 587 830 quoties
613 749 729 821 vellet,
754 768 862 810 creare
885 747 1007 812 liceret.
1045 749 1131 813 Huic
1154 773 1217 816 ma·

209 861 297 925 xime
322 863 474 944 populari
501 863 651 937 consili0,
677 865 766 945 quod
789 866 1019 928 commendare
1044 867 1135 930 omni
1154 871 1216 931 elo-

209 979 345 1062 quentia
374 979 462 1043 nisus
482 992 548 1055 est,
567 979 765 1044 obstiterunt
785 980 913 1044 Laelius
934 994 966 1044 et
979 980 1110 1064 Scipio;
1125 998 1216 1067 atque

208 1097 262 1161 hic
276 1097 412 1179 quidem
435 1096 625 1181 gravissima
645 1097 810 1174 oratione,
829 1119 895 1182 qua
904 1098 1010 1162 tenuit
1021 1099 1119 1176 illud,
1134 1103 1216 1185 quod

210 1214 472 1297 praedicaverat,
493 1216 568 1296 jure
593 1235 721 1277 caesum
741 1214 801 1277 sibi
827 1214 877 1278 Ti.
897 1213 1089 1279 Gracchum
1102 1217 1214 1293 videri,

208 1331 358 1414 quamvis
379 1333 534 1394 suadente
565 1329 604 1394 C.
629 1329 798 1408 Graccho,
832 1332 908 1396 fecit
933 1346 970 1396 ut
984 1335 1145 1420 suffragiis
1165 1355 1214 1418 po-

208 1448 279 1531 puli
289 1448 518 1530 repudiaretur
526 1446 552 1510 ¹.
580 1445 692 1512 Altera
704 1448 832 1534 rogatio
845 1463 914 1512 erat
928 1451 1098 1515 tabellaria
1110 1453 1213 1525 tertia,

208 1588 273 1649 qua
306 1568 430 1647 perlata
458 1565 620 1628 sancitum
646 1578 712 1640 est,
748 1580 785 1629 ut
811 1566 846 1629 in
866 1567 991 1653 legibus
1012 1569 1164 1652 jubendis
1183 1591 1214 1633 ac

208 1682 352 1748 vetandis
367 1685 508 1765 populus
532 1682 658 1746 tabellis
676 1695 824 1746 uteretur
833 1683 861 1747 2.
908 1683 1000 1768 Quae
1020 1688 1085 1762 lex,
1108 1689 1213 1750 adver·

205 1823 258 1866 sus
282 1814 433 1868 senatum
452 1803 539 1876 lata,
564 1802 604 1864 ad
626 1803 842 1885 frangendam
858 1802 1059 1883 optimatum
1077 1805 1214 1870 auctori·

207 1934 309 1984 tatem
334 1919 504 2002 pertinuit.
529 1916 647 1982 Secuta
664 1929 711 1981 est
728 1939 756 1980 a.
771 1918 836 1981 625
863 1915 955 2005 (129)
980 1919 1051 1983 dira
1064 1918 1213 2003 Scipionis

205 2059 291 2112 nex,
317 2058 383 2121 quo
402 2050 553 2117 tempore
586 2033 714 2110 Carbo,
750 2056 827 2098 cum
847 2034 873 2097 F
877 2036 963 2100 ulvio
982 2035 1102 2102 Flacco
1124 2052 1156 2102 et
1180 2037 1211 2102 C.

206 2152 358 2217 Graccho
383 2153 538 2217 triumvir
564 2174 642 2236 agro
662 2153 840 2217 dividundo
861 2167 1004 2229 creatus,
1027 2156 1211 2219 seditionem

205 2283 365 2335 moverat.
412 2269 541 2333 Restitit
564 2267 670 2350 Scipio
703 2271 794 2332 omni
826 2271 857 2334 vi
884 2283 983 2356 atque
1003 2273 1210 2348 auctoritate,

208 2402 246 2450 ut
282 2384 522 2470 rempublicam
548 2369 715 2462 tueretur,
747 2389 803 2450 sed
836 2390 888 2463 ei,
911 2399 1090 2473 postquam
1116 2392 1211 2474 pridie

208 2504 301 2570 fortis
327 2527 365 2569 ac
388 2503 510 2569 validus
531 2508 669 2567 domum
692 2504 851 2580 redierat,
876 2505 1051 2589 quiescenti
1069 2508 1105 2570 in
1125 2508 1213 2572 cubi·

207 2626 283 2687 culo
297 2623 357 2686 'ris
378 2623 467 2686 illata
491 2621 622 2686 dicitur.
655 2621 757 2687 Venit
780 2622 915 2706 quidem
939 2624 976 2686 in
997 2626 1147 2691 veneficii
1165 2649 1212 2691 su·

205 2740 384 2822 spicionem
408 2738 601 2820 Sempronia
621 2759 727 2815 uxor,
752 2737 979 2820 Gracchorum
991 2762 1085 2808 soror
1098 2765 1106 2821 ;
1119 2744 1212 2808 socius

207 2871 319 2921 tamen
350 2857 452 2920 caedis
477 2856 606 2919 habitus
634 2870 681 2919 est
704 2853 834 2931 Carbo,
858 2871 1036 2940 perpetuus
1061 2859 1211 2944 Scipionis

207 2975 406 3041 adversarius
419 2989 452 3038 et
464 2976 520 3059 qui
532 2987 696 3043 recentem
715 2977 871 3040 offensam
887 2977 1034 3061 graviter
1056 2979 1209 3045 terebat

208 3093 305 3157 Gestd
343 3092 457 3156 deinde
486 3092 640 3174 praeturd
674 3114 703 3156 a.
727 3093 793 3156 629
830 3090 922 3180 (125)
935 3093 971 3170 4,
1003 3116 1211 3182 summosque

208 3211 241 3286 in
267 3208 434 3298 republica
453 3211 589 3273 honores
616 3211 771 3292 adeptus,
794 3231 860 3275 non
876 3212 948 3294 jam
969 3213 1112 3296 amplius
1136 3215 1211 3278 cela·

210 3425 492 3448 W

237 3573 253 3612 a
291 3561 364 3610 Cic.
382 3557 464 3609 Lael.
481 3554 526 3619 25,
547 3558 591 3626 96.
610 3556 660 3607 Pi
667 3555 727 3625 gt.
745 3557 824 3610 Ana.
843 3555 889 3610 ΙΙΙ
908 3575 937 3624 p.
956 3553 998 3609 ιδ.

241 3674 256 3707 2
291 3655 347 3708 ld.
364 3654 398 3704 ds
415 3656 499 3724 berg·
520 3652 578 3715 iil,
599 3654 645 3714 16,
666 3651 709 3709 35.

240 3749 256 3798 5
292 3751 311 3799 1
317 3749 344 3798 d.
358 3764 413 3816 pro
430 3724 494 3798 Mil.
512 3765 540 3814 7,
561 3745 603 3801 16·
622 3748 667 3802 Cf.
690 3749 726 3800 V.
748 3747 804 3800 Th.
828 3749 954 3802 Scheu
973 3749 1006 3800 de
1024 3746 1208 3818 morteAfric.

201 3845 277 3895 min.
290 3844 319 3891 in
337 3843 463 3893 Beiert'
480 3843 535 3892 Ed.
547 3845 629 3896 Irae!-
643 3845 710 3898 1828
729 3842 807 3909 Lipfl·
830 3847 901 3901 cic.
914 3846 952 3896 ad
966 3845 1034 3898 Dio.
1049 3842 1105 3906 ΙΙΙ,
1126 3824 1167 3903 nt,
1185 3838 1207 3888 5·

204 3938 253 4014 Ad
271 3939 305 4008 Q.
325 3939 373 3989 Fr.
393 3937 434 3999 ΙΙ,
452 3937 478 4000 3,
501 3937 527 3988 3.
547 3940 630 3992 Liv.
652 3941 733 4008 Epir.
751 3939 795 4007 59⁴

238 4036 253 4088 4
289 4029 401 4102 Pigh.
422 4035 497 4087 Aen.
521 4032 561 4086 ΙΙΙ
584 4051 610 4101 p.
630 4035 674 4088 sto.
