2580 4756
606 391 670 448 235

132 580 165 629 ct
200 563 313 629 Crasso
348 563 450 626 risum
485 577 652 636 moveret,
683 577 715 625 et
744 563 908 645 proverbii
929 567 1002 627 loco
1026 563 1143 627 deiude

133 693 358 763 usurparetur.

180 883 267 946 Haec
293 885 332 944 de
354 882 495 964 personis
520 882 693 945 Lucilianis
715 881 977 946 animadvertisse
1000 883 1145 948 sufficiat.

137 1001 177 1064 Iu
203 1000 321 1083 quibus
352 1002 529 1084 primores
556 999 684 1083 populi
712 999 904 1081 praesertim
926 1000 1146 1073 attendimus,

139 1139 282 1201 quorum
316 1117 382 1179 vita
406 1128 438 1179 ct
460 1137 509 1179 res
529 1116 671 1178 notiores
688 1129 792 1179 crant.
839 1114 1025 1179 sedetiam
1050 1117 1148 1202 igno·

139 1235 269 1297 biliores
293 1246 390 1316 atque
411 1254 428 1294 e
453 1233 546 1314 plebe
567 1233 713 1296 homines
731 1234 765 1295 in
786 1253 902 1296 eorum
919 1255 1060 1297 numero
1073 1235 1149 1297 fuis-

139 1374 191 1427 se,
217 1354 324 1433 palam
358 1364 426 1425 est,
461 1362 559 1433 atquc
581 1352 679 1431 plura
701 1352 821 1412 horum
844 1350 979 1413 numina
1007 1352 1041 1412 in
1059 1353 1150 1436 frag·

142 1469 259 1531 mentis
292 1468 452 1550 corruptis
479 1468 546 1532 sine
574 1467 675 1530 dubio
697 1472 808 1532 latent..
855 1467 952 1552 Quod
970 1490 1047 1533 vero
1067 1468 1151 1534 dici-

142 1601 197 1648 tur
224 1585 366 1648 Lucilius
388 1587 550 1666 populum
577 1585 746 1647 tributim
768 1589 990 1670 arripuisse,
1013 1609 1049 1649 rc
1074 1609 1152 1650 vera

142 1705 281 1786 singulas
304 1701 436 1786 triginta
457 1701 602 1785 quinque
624 1703 728 1765 tribus
748 1715 873 1765 notasse
896 1703 1035 1766 videtur.
1082 1700 1154 1766 Cu-

138 1824 191 1904 jus
215 1819 389 1882 notationis
402 1821 480 1881 hacc
494 1819 611 1903 exigua
632 1814 767 1904 vestigia
778 1820 986 1900 deprehendi
1019 1818 1154 1884 Cicero·

144 1961 244 2011 nem,
268 1937 440 2000 Atinatum
467 1947 499 1997 ct
533 1935 795 2007 Tusculanorum
824 1957 930 2000 mores
953 1959 1153 2018 comparan-

146 2070 237 2127 tem,
262 2054 306 2115 sic
328 2053 466 2115 illustrat
488 2052 687 2116 scholiastes:
714 2051 914 2117 «Praeterea
933 2067 965 2117 ct
990 2055 1065 2118 hinc
1089 2055 1156 2119 istis

147 2172 332 2235 civitatibus
357 2169 466 2252 adjicit
484 2169 719 2246 differentiam,
744 2174 832 2254 quod
858 2171 1006 2236 Atinates
1027 2195 1156 2256 semper

145 2289 272 2353 civibus
296 2288 542 2362 subsererent,
576 2287 748 2351 Tusculani
771 2290 954 2370 plurimum
974 2291 1083 2356 livoris
1094 2314 1158 2356 na-

147 2407 297 2471 turaliter
320 2406 419 2468 etiam
448 2405 534 2469 cIrca
554 2406 737 2488 municipes
761 2427 834 2470 suos
858 2409 1006 2472 babuisse
1039 2409 1157 2473 riden-

148 2540 215 2589 tur.
262 2522 314 2586 Sic
345 2536 378 2585 et
404 2521 450 2584 M.
475 2521 558 2584 Cato
586 2522 641 2583 ille
669 2521 840 2585 Censorius
867 2544 930 2604 pro
954 2523 1101 2607 maligno
1126 2538 1159 2589 et

148 2642 260 2705 invido
281 2639 412 2702 habitus
444 2650 502 2700 cst.
548 2634 615 2698 Nec
638 2636 732 2698 aliter
759 2638 858 2700 etiam
880 2637 1023 2701 Lucilius
1044 2641 1084 2700 de
1102 2658 1161 2701 eo-

150 2761 292 2824 rundem
311 2755 458 2819 moribus
487 2753 602 2828 sentit,
629 2755 692 2816 hoc
714 2753 821 2817 dicens
834 2782 840 2815 :
855 2757 980 2839 primu
1003 2753 1161 2840 Papiria

149 2890 192 2940 tu
226 2869 548 2937 solidarum-1.»
581 2869 743 2934 Viderunt
775 2871 970 2954 interpretes
992 2873 1161 2958 corrigen-

148 2999 235 3061 dum
264 3014 328 3055 esse
361 2987 653 3063 Tusculiduruum
678 3002 830 3072 recteque
860 2993 1053 3068 effecerunt,
1077 2991 1164 3055 Tus-

151 3117 284 3178 culanos
320 3111 353 3172 in
384 3108 511 3190 Papiria
543 3106 630 3170 tribu
651 3107 845 3194 suffragium
870 3109 999 3187 tulisse,
1024 3131 1163 3194 eamque

152 3227 374 3294 malivolentia
397 3225 555 3313 laborasse
581 3226 674 3290 Liuio
705 3239 785 3290 teste
807 3227 1001 3310 probarunt.
1049 3229 1165 3314 Itaque

154 3350 282 3414 videtur
302 3367 433 3411 exorsus
448 3351 544 3428 poeta
566 3345 607 3408 ab
630 3346 727 3428 hujus
752 3345 850 3428 ipsius
863 3347 966 3410 tribus
984 3345 1166 3428 Papiriae

155 3467 332 3530 mentione.
368 3463 591 3529 Palatinam
614 3481 746 3547 quoque
763 3458 890 3526 tribunt
911 3463 1066 3548 attigisse,
1090 3463 1165 3529 inde

156 3584 347 3670 probabile,
372 3585 461 3667 quod
484 3581 623 3648 Calvum
649 3583 815 3665 quendam
837 3580 883 3645 sic
905 3581 1099 3663 appellarit:

202 3702 322 3766 Calvu’
350 3699 541 3775 Palatino,
566 3701 625 3762 vir
647 3697 780 3762 nubilis
802 3721 843 3762 uc
866 3699 964 3763 bouu'
989 3699 1117 3766 bellot
1143 3782 1145 3786 Α

161 3843 778 3874 ffl-OOO

194 3944 205 3978 1
248 3923 381 3977 Setot.
400 3924 491 3977 Boo.
520 3927 557 3977 ad
575 3946 615 3978 or.
631 3946 664 3997 p,
682 3928 782 3979 Plane.
812 3945 840 3994 p.
861 3926 911 3983 254
940 3926 983 3978 Ed
1012 3927 1105 3981 Orell.
1124 3926 1170 3978 cf.

158 4025 232 4083 Lis).
256 4020 343 4086 VIII,
363 4022 407 4094 37·

195 4137 209 4169 2
246 4116 379 4168 ,[ιιισὶΙ.
400 4119 448 4167 Fr.
469 4118 569 4184 XXII,
590 4120 633 4187 59.
655 4119 700 4171 cf.
720 4123 747 4175 J.
772 4121 961 4174 Gulielm·
986 4116 1168 4179 Veris-Ila·
