2580 4756
615 407 676 468 105

132 581 271 668 paravit,
286 605 363 647 oum
388 582 523 647 Cassio
543 581 713 647 Etrusco
732 582 941 648 etDecimo
959 583 1139 649 Laberio.

132 702 246 780 illurn,
258 703 368 767 aetatis
381 701 574 767 Horatianus
586 702 706 779 virum,
716 705 804 765 sarna
816 717 885 769 crat
898 703 996 787 capsis
1008 716 1041 768 et
1054 703 1142 766 libris

131 819 275 906 propriis
303 821 494 886 ambustum
522 819 628 886 luisse.
675 819 722 887 Ut
742 818 930 904 Crispinus,
945 825 1087 886 refertur
1109 822 1144 884 in

130 959 252 1003 eorum
273 958 473 1019 numerum,
498 936 556 1023 qui
578 937 761 1021 plurimum
783 937 1025 1022 scriptitarunt,
1051 938 1145 1023 cique

132 1061 234 1141 poiita
258 1056 428 1143 ingenium
445 1055 542 1121 luisse
562 1056 642 1121 dicit
663 1055 994 1144 rapidoseroentius
1007 1081 1106 1122 omne
1121 1064 1144 1122 '.

134 1176 215 1240 Tale
227 1175 327 1261 igitur
338 1175 509 1262 ingenium
521 1175 620 1240 etiam
631 1175 749 1246 Lucilii
769 1175 848 1253 fuit,
870 1179 959 1262 quod
971 1191 1004 1242 et
1015 1176 1147 1241 celerri-

134 1316 192 1359 me
218 1307 407 1359 nroreretur
427 1309 460 1359 et
487 1297 588 1360 semel
609 1308 816 1359 commotum
837 1316 905 1358 non
925 1296 1016 1360 facile
1037 1297 1148 1360 defer-

135 1427 291 1480 vesceret.
323 1411 387 1478 Sed
404 1413 534 1500 gravior
554 1414 682 1479 videtur
700 1414 848 1492 Laberii,
869 1415 1059 1499 praestantis
1071 1420 1147 1498 poe'-

134 1546 205 1606 tae,
236 1552 313 1594 cum
327 1533 450 1595 eodem
462 1501 658 1596 'similitudo
692 1531 802 1598 Verba
814 1547 890 1597 sunt
909 1532 1046 1610 Horatii,
1068 1505 1165 1616 pris-¹

134 1651 246 1715 tinum
271 1671 369 1713 suum
387 1652 427 1713 de
444 1648 570 1714 Lucilio
583 1651 744 1734 judicium
768 1653 1007 1717 confirmantis:

182 1765 311 1854 Nempe
334 1769 560 1854 incomposite
583 1767 665 1832 diei
682 1768 766 1855 pede
785 1792 925 1833 currere
946 1792 1066 1834 versus

187 1887 308 1952 Lucili
369 1885 459 1973 Quis
480 1898 554 1952 tom
570 1887 690 1952 Lucili
702 1887 833 1975 fautor
848 1892 959 1975 inepte
973 1902 1022 1954 est

100 2079 104 2101 Ι
188 2005 236 2070 Ut
258 2028 326 2069 nore
349 2005 409 2069 boe
419 2004 609 2093 fateatur?
638 2003 688 2070 At
713 2006 826 2084 idem,
848 2007 939 2095 quod
954 2010 1152 2074 salemulto

187 2123 313 2188 Urbem
333 2121 519 2210 defricuit,
544 2124 669 2189 chartei
695 2123 865 2189 laudetur
884 2124 1009 2192 eidem.

184 2239 256 2308 Nec
279 2253 393 2306 tomen
419 2241 480 2306 boc
497 2243 667 2320 trib-uerte,
685 2243 837 2309 dederim
849 2256 1122 2334 quoquecetero3

952 2389 1036 2431 nom
1058 2388 1111 2431 esc

189 2481 243 2548 Et
267 2481 394 2545 Laberi
418 2483 544 2546 mimos
566 2493 606 2546 ut
625 2483 756 2568 pulcra
772 2486 934 2568 poimeta
962 2487 1085 2550 mirer.

140 2602 249 2689 Neget
271 2607 366 2686 poeta
381 2601 442 2667 sibi
461 2602 589 2667 Laberii
609 2603 726 2666 mimos
742 2605 887 2687 placere,
911 2605 1032 2688 quippe
1044 2605 1157 2670 iisdem

143 2721 231 2789 vitiis
248 2720 429 2785 laborantes
442 2766 451 2798 ,
464 2735 599 2804 propter
619 2743 702 2806 quae
724 2721 840 2785 Lucilii
857 2722 1000 2788 versibus
1011 2737 1158 2789 venustas

142 2843 345 2907 auferretur.
390 2839 495 2904 Pauca
523 2842 563 2903 de
597 2838 736 2904 Laberio
763 2848 844 2904 nota
872 2853 957 2905 sunt.
1004 2837 1157 2928 Asperec

144 2958 331 3023 libertatis
363 2957 447 3034 luit,
483 2979 549 3042 qua
579 2958 613 3020 in
643 2979 679 3023 re
701 2951 866 3024 Lucilium
897 2960 1019 3026 retulit.
1065 2960 1158 3025 Idem

142 3078 248 3144 etiarn
272 3076 496 3141 dicacitate²
518 3077 677 3162 pollebat,
690 3099 757 3163 qua
768 3080 864 3142 laude
881 3079 1034 3144 novimus
1051 3101 1160 3165 quan-

147 3211 263 3280 topere
274 3196 362 3260 idem
375 3195 572 3262 excelluerit.
599 3195 729 3261 Laberii
744 3217 821 3263 vero
832 3196 911 3262 vitia
921 3201 1012 3263 nulla
1024 3198 1160 3284 quidem

145 3315 266 3380 diserte
288 3329 533 3392 memorantur;
554 3317 611 3380 sed
631 3315 666 3379 in
683 3315 778 3379 mimi
795 3318 955 3402 prologo,
979 3318 1036 3402 qui
1054 3339 1161 3384 serva·

150 3447 205 3499 tus
239 3445 308 3510 est,
344 3447 431 3498 recte
466 3431 726 3499 inconcinnitatis
752 3447 785 3499 et
807 3436 1003 3522 garrulitatis
1026 3436 1160 3524 vestigia

149 3551 377 3617 animadversa
403 3551 516 3617 suntss.
562 3552 590 3616 Ε
622 3551 740 3637 quibus
776 3551 915 3641 vestigiis
936 3553 962 3617 si
985 3553 1161 3632 efficimus,

149 3672 187 3737 in
209 3671 283 3756 ipsis
300 3669 430 3749 mimis,
454 3670 511 3757 qui
535 3671 722 3755 perierunt,
740 3672 864 3756 saepius
886 3672 978 3738 abeo
990 3686 1162 3759 peccatum

190 4003 201 4040 ι
244 3988 479 4052 Sat.l,ro,62.
511 3986 613 4052 ct4.
636 3988 678 4042 14.

190 4102 207 4136 α
240 4084 397 4136 Macrob·
418 4088 535 4141 Satura.
557 4085 644 4156 11,7.

191 4183 208 4234 3
242 4183 286 4236 cl.
309 4185 480 4239 Wielaud
505 4186 575 4238 Hor.
597 4189 660 4240 Sat.
680 4185 705 4252 i,
725 4185 872 4256 2944501.
