2580 4756
611 331 674 392 277

133 505 292 575 Artifices
314 506 359 569 illi
384 507 550 570 vernaculi
573 505 639 569 sive
658 507 826 570 histriones
846 507 913 569 sine
937 499 1150 570 dubioliberh

128 623 214 700 tini,
237 644 305 688 non
328 625 461 710 ingenui
484 627 635 687 luerunt:
659 623 760 688 iidem
774 638 885 688 autem
900 645 938 688 eo
951 638 1099 707 tempore
1114 637 1146 686 et

128 754 280 807 auctores
295 756 327 804 et
340 755 462 804 actores
474 755 671 805 saturarum.
700 742 814 825 Itaque
827 739 999 806 verisimile
1011 755 1068 816 est,
1081 741 1150 824 pri-

131 880 182 935 us,
194 880 297 943 quam
309 872 502 944 peragerent
513 872 644 934 saturas,
655 859 882 944 excogitationi
896 880 948 922 eos
962 858 1066 921 otium
1081 860 1149 920 im-

131 975 295 1059 pendisse:
309 979 403 1060 ·quod
414 975 475 1039 nisi
487 989 664 1051 statuatur,
677 977 751 1040 satis
762 976 874 1040 mirari
887 998 953 1039 non
966 997 1146 1058 possumus,

133 1080 303 1178 quomodo
323 1097 364 1157 ad
385 1094 552 1170 tibicinem
572 1107 685 1158 cantus
708 1095 885 1176 descriptus
898 1094 952 1170 sit3
975 1097 1029 1158 sed
1041 1095 1148 1175 scrip-

135 1225 170 1276 to
180 1232 250 1275 non
261 1212 412 1275 videntur
425 1233 488 1275 esse
500 1215 683 1276 mandatae.
709 1210 905 1293 Nuperrime
917 1213 1027 1296 negari
1042 1213 1147 1274 visum

135 1341 202 1403 est,
228 1329 293 1391 hoc
325 1326 469 1391 ludicrae
501 1333 631 1411 poeseos
660 1349 761 1412 genus
784 1339 991 1390 saturarum
1014 1329 1148 1391 nomine

136 1444 330 1530 insignitum
361 1444 478 1520 fuisse,
512 1448 568 1508 sed
597 1458 654 1508 aut
681 1445 817 1528 proprio
842 1446 975 1508 nomine
994 1446 1148 1521 caruisse,

135 1575 194 1625 aut
227 1563 291 1624 tale
323 1561 470 1625 habuisse
502 1564 592 1645 quod
626 1562 832 1647 ignoraretur·
860 1585 880 1625 a
915 1563 1062 1644 posteris,
1093 1576 1150 1626 aut

135 1678 327 1761 simpliciter
359 1678 458 1743 ludos
489 1683 692 1761 appellatum
716 1678 848 1744 fuisset
895 1677 958 1743 Sed
980 1691 1067 1743 reete
1092 1701 1150 1742 ve-

136 1810 242 1861 terem
257 1797 443 1878 opinionem
469 1797 660 1872 tuebimur,
684 1797 992 1872 animadvertentes,
1017 1797 1149 1863 Livium

137 1937 203 1981 non
224 1912 344 1979 diserte
365 1915 565 1998 scripturum
588 1915 683 1978 fuisse
706 1918 770 2001 qui
782 1914 825 1977 ab
849 1918 1019 1978 saturis
1043 1939 1157 1979 ausus,

134 2046 265 2110 ,σεε-η
279 2033 339 2097 nisi
367 2035 455 2116 apud
480 2055 558 2096 eum
589 2030 783 2098 constitisset
804 2035 844 2096 de
861 2034 985 2097 solenni
1009 2057 1046 2098 ae
1069 2056 1151 2116 pro-

138 2152 211 2236 prio
239 2153 306 2235 ejus
328 2151 476 2217 vocabuli
498 2151 532 2213 in
557 2153 620 2214 hoc
642 2151 779 2215 artificio
797 2174 867 2216 usu.
903 2150 1032 2216 Nomen
1050 2155 1151 2238 igitur

140 2291 243 2356 genus
271 2268 388 2333 hahuit
405 2291 424 2333 a
442 2291 555 2334 rerum
577 2269 815 2351 descriptarum
837 2272 992 2335 varietate
1015 2294 1052 2336 ac
1073 2295 1152 2357 per-

139 2389 306 2479 plexitate.
329 2386 404 2453 Post
421 2388 531 2453 Livius
552 2387 757 2452 Andronicus
772 2388 911 2453 Graecas
932 2391 1056 2455 fabulas
1070 2413 1153 2454 oon-

135 2506 235 2571 tertis
257 2504 458 2590 argumentis
476 2507 591 2568 docere
613 2505 739 2587 coepit,
765 2526 857 2587 quae,
883 2527 1152 2590 magnoperepo-

133 2627 219 2709 ,pulo
245 2622 421 2706 probatae,
450 2623 568 2687 sensim
592 2624 691 2706 paulo
711 2623 814 2707 magis
835 2626 958 2686 cultam
979 2624 1054 2688 artis
1076 2645 1154 2706 spe-

140 2743 225 2809 ciem
245 2743 448 2806 retulerunt..
474 2738 588 2824 Neque
613 2752 727 2804 tamen
748 2739 961 2824 antiquissimi
975 2743 1154 2805 aedomes-

141 2861 198 2926 tici
223 2859 411 2925 carminum
424 2862 510 2923 lusus
523 2858 677 2922 oblivioni
690 2858 835 2922 mandati
848 2870 933 2922 sunt.
968 2857 1052 2922 Nam
1064 2871 1153 2943 post·

138 2997 245 3062 quam
265 2974 495 3050 histrionibus,
530 2975 587 3059 qui
608 2975 738 3057 pridem
759 2978 927 3057 perplexas
948 2977 1085 3041 historiis
1106 2983 1153 3041 fa-

130 3095 234 3160 bulas
260 3106 507 3177 expresserant,
540 3093 729 3157 fabularum
745 3092 947 3158 Graecarum
968 3107 1056 3158 actus
1079 3116 1154 3178 per·

139 3213 257 3285 missus
282 3212 318 3281 in
345 3227 513 3296 posterum
537 3224 629 3286 erat,
662 3225 809 3277 ueterem
844 3233 972 3275 morem
1004 3214 1153 3278 Romana

138 3325 297 3415 juventus
313 3330 465 3413 repetiit,
485 3343 522 3392 ut
535 3329 693 3413 jocularia
707 3330 831 3404 intexta
852 3331 995 3394 versibus
1013 3331 1105 3400 inter,
1121 3352 1153 3393 se

138 3449 338 3533 jactitarent.
371 3445 470 3532 Quod
487 3447 637 3512 subitum
658 3468 697 3511 ac
725 3448 901 3513 fortuitum
926 3459 958 3510 et
985 3450 1154 3533 ἀμοιβαίον

130 3568 274 3635 lustrum
296 3587 399 3651 genus
422 3566 495 3630 ideo
514 3566 732 3631 instauratum
757 3585 820 3628 esse
844 3564 1004 3649 legimus,
1029 3567 1155 3650 quoda

143 3688 223 3751 rien
246 3684 440 3771 colatisque
452 3686 550 3771 jocis
568 3684 757 3749 fabularum
779 3702 829 3748 res
842 3695 975 3748 avocata
987 3696 1066 3749 erat.
1086 3685 1164 3757 Pri:-

180 4045 192 4083 Ι
230 4034 394 4102 Βὶὶμηεν
412 4034 463 4101 Op.
483 4029 504 4083 1.
522 4047 551 4097 Ρ,
569 4031 595 4086 6ι
