2580 4756
680 382 760 482 asi

198 597 311 663 hicum
346 609 393 663 est
422 617 555 660 carmen
585 596 810 672 maledicum,
845 597 1045 683 plerumque
1063 563 1231 665 trimetro-³

200 737 294 780 versu
331 728 364 779 et
399 717 503 799 epodo
532 729 687 801 sequente
720 715 952 805 compositum·
998 706 1230 802 appellatam?

201 846 247 897 est
280 837 367 919 παρὰ
390 837 425 899 τὸ
449 834 625 921 ἰαμβίζειν,
662 836 751 918 quod
777 847 824 898 est
856 833 1064 909 maledicere,
1112 835 1213 922 Cujus

198 952 349 1017 carminis
365 953 532 1037 praecipui
548 953 720 1043 scriptores
737 955 824 1037 apud
843 951 982 1017 Graecos
995 952 1210 1021 Archilochus

199 1085 232 1135 et
244 1069 427 1155 Hipponax,
441 1075 530 1156 apud
541 1072 707 1136 Romanos
722 1072 782 1135 Lu
792 1093 809 1135 c
819 1072 829 1134 i
839 1073 945 1149 llius
969 1087 1002 1136 et
1017 1072 1167 1150 Catullus
1178 1090 1208 1141 et

124 1236 129 1246 .
198 1189 350 1255 Horatius
369 1205 401 1256 et
418 1191 590 1257 Bibaculus
603 1191 663 1270 ¹,t
687 1191 760 1256 Non
783 1192 892 1269 minus
904 1191 1022 1264 diserte
1034 1190 1227 1258 hicaDior'

200 1313 296 1374 mede
315 1313 357 1374 ad
372 1311 627 1398 jambographos
641 1311 789 1386 Latinos,
813 1332 914 1395 quam
925 1331 1025 1395 supra
1038 1333 1209 1387 memora·

198 1442 234 1493 to
254 1432 325 1492 loco
353 1432 393 1493 ad
418 1427 658 1515 satirographos
686 1432 839 1504 refertur,
885 1429 1070 1514 Appulejus
1098 1444 1209 1505 autem

197 1550 287 1612 haud
312 1548 409 1621 aliam
440 1547 533 1623 nobis
556 1549 750 1612 sententiam
764 1548 903 1632 probat:
931 1548 1088 1621 «Eadem
1109 1549 1207 1636 igitur

167 1680 170 1685 '
198 1666 298 1751 opera
315 1680 464 1731 accusent
488 1664 730 1754 C.Catullum,
755 1669 845 1752 quod
867 1667 1021 1733 Lesbiam
1042 1689 1107 1752 pro
1130 1667 1207 1735 Clo·

197 1787 252 1852 dia
273 1786 517 1850 nominarit-
540 1800 572 1850 et
594 1785 789 1863 Tibullum,
814 1789 904 1870 quod
926 1787 954 1849 ei
977 1785 1019 1850 sit
1042 1787 1155 1852 Plania
1174 1788 1206 1852 in

198 1905 320 1981 animo,
343 1904 436 1978 Delia
459 1903 493 1967 in
514 1926 630 1969 uersu:
655 1904 833 2002 etquidem
847 1900 885 1970 C.
901 1903 1080 1981 Lucilium,
1093 1925 1202 1991 quam,

198 2022 352 2110 quamsit
365 2024 377 2106 j
389 2021 604 2099 ambicus,
623 2034 734 2100 tamen
754 2020 984 2104 improbarim,
1010 2025 1102 2107 quod
1123 2021 1206 2088 Gens
1238 2002 1243 2013 ’

197 2143 283 2206 tium
309 2154 342 2205 et
366 2139 578 2206 Macedonem
599 2141 725 2205 directis
751 2140 940 2205 nominibus
973 2141 1122 2218 carmine
1152 2163 1207 2209 suo

196 2257 401 2342 prostituerit
412 2256 440 2323 ².
451 2277 468 2319 „
520 2256 576 2321 His
605 2258 795 2336 testimoniis
824 2261 999 2343 numquod
1027 2260 1207 2347 evidentius

196 2375 449 2462 postulabimus,
472 2388 511 2438 ut
527 2373 621 2439 nobis
642 2388 781 2466 constet,
797 2377 941 2467 jambico
954 2379 1102 2445 carmine
1114 2378 1206 2446 usum

197 2519 262 2562 esse
282 2493 469 2571 Lucilium?
492 2493 594 2572 Nam,
616 2497 705 2582 quod
725 2495 760 2558 in
785 2494 940 2589 Appuleji
960 2496 1129 2587 codicibus
1151 2520 1202 2585 pro

196 2616 360 2701 Lucilium
380 2614 624 2687 Lucretium
647 2627 679 2678 et
691 2614 1102 2701 Lucullumscriptum
1115 2620 1204 2685 inre·

194 2737 308 2818 nitur,
332 2733 474 2825 vulgaris
496 2754 589 2798 error
613 2747 660 2798 est
668 2733 695 2799 3.
719 2732 833 2825 Neque
854 2755 933 2799 vero
952 2739 1205 2825 proptensolam.

195 2843 346 2935 carminis
355 2851 637 2929 maledicentiam
647 2853 683 2917 in
692 2853 1016 2940 jambographorum
1029 2876 1207 2923 numerum

194 2973 366 3049 Diomedes
397 2971 563 3035 Lucilium
581 2971 714 3048 retulit,
739 2972 862 3057 quippe
883 2973 941 3058 qui
965 2977 1110 3040 eundem
1131 2974 1207 3041 sati·
1232 3012 1235 3019 ·

194 3114 250 3165 rae
271 3093 294 3158 i.
308 3114 336 3165 e,
361 3091 513 3159 carminis
532 3089 698 3161 maledici
709 3091 920 3175 scriptoribus
935 3093 1124 3179 adscripsit;
1149 3116 1206 3158 un·

195 3214 235 3277 de
259 3221 351 3294 patet
373 3208 506 3307 proprie
527 3229 605 3271 eum
632 3212 781 3277 locutum
805 3231 888 3287 esse,
912 3231 1019 3297 quum
1041 3213 1077 3276 in
1099 3224 1205 3298 prae·

196 3327 326 3415 cipuis
356 3329 444 3413 apud
473 3327 638 3392 Romanos
661 3329 729 3414 ejus
752 3327 879 3417 generis
910 3326 1205 3427 scriptoribus'pri·

195 3473 292 3530 mum
316 3448 481 3527 Lucilium
501 3459 674 3527 memoret,
720 3428 943 3547 Quodsiuero
962 3439 1205 3546 Quintilianum

196 3570 414 3649 consulimus,
439 3568 517 3654 qui,
541 3568 627 3638 facti
649 3568 766 3647 satirae
788 3570 967 3646 mentione,
984 3569 1204 3656 jambumat·

196 3686 317 3774 tingit,
341 3689 435 3752 facile
457 3689 563 3767 refelli
582 3701 728 3758 nocuum
749 3689 939 3773 opinionem
958 3702 1127 3774 putemus.
1157 3684 1203 3756 Sic

232 3992 245 4031 ι
287 3978 335 4028 Gr.
354 3974 399 4030 111
416 3993 445 4042 Ρ·
463 3975 526 4034 4⁸2.

231 4096 248 4131 2
282 4078 325 4130 De
342 4077 440 4144 aragia
458 4094 483 4128 c·
503 4093 545 4132 ιο.
564 4077 610 4130 Cf.
627 4080 752 4131 Dousa
771 4079 809 4131 ad
826 4079 921 4132 Iaucil·
938 4097 966 4147 p·
986 4094 1047 4133 ua.

231 4175 249 4226 ὅ
282 4173 328 4230 Cf.
345 4191 419 4245 pq,
439 4173 499 4232 255.
