2580 4756
624 325 646 386 2

134 535 318 602 'floruerunt
346 531 455 600 aetatis
487 533 576 618 quasi
599 529 709 619 imago
735 532 895 619 quaedam
916 541 1049 616 pateat,
1072 533 1136 599 suis

139 700 196 752 aut
229 686 311 751 vitiis
345 683 475 771 insignis
505 697 560 748 aut
594 683 764 766 conspicua
795 683 978 749 virtutibus.
1028 679 1152 770 Atque

137 834 239 900 etiam
273 835 313 896 fit
338 851 588 913 saepenumero,
623 842 682 906 ut,
704 828 730 894 si
753 829 807 894 hic
839 843 947 895 tantus
971 843 1138 914 accuratae

137 979 305 1044 doctrinae
328 991 360 1042 et
380 978 460 1043 acris
479 977 690 1064 indagationis
713 980 836 1042 fructus
848 991 1002 1064 negetur,
1026 991 1138 1042 tamen

142 1127 279 1212 aliquod
309 1125 351 1192 sit
379 1147 496 1208 operae
520 1124 663 1208 pretium
694 1137 797 1210 utque
825 1126 1001 1209 conjunctis
1037 1147 1140 1212 argu-

143 1273 259 1337 mentis
298 1295 337 1337 ex
370 1275 480 1337 sedula
509 1293 620 1337 rerum
652 1271 868 1355 exploratione
886 1293 970 1338 nova
990 1285 1023 1338 et
1046 1274 1141 1337 inex-

142 1429 286 1504 spectata
307 1424 364 1484 lux
386 1409 582 1486 offundatur.

187 1567 250 1634 Sed
278 1582 316 1633 ut
342 1569 405 1633 hoc
426 1567 547 1652 judicio
561 1567 699 1632 universi
717 1569 1059 1651 comprehenduntur,
1084 1568 1142 1653 qui

144 1716 329 1801 aequalibus
351 1737 465 1781 rerum
489 1722 547 1780 aut
580 1729 744 1802 gestarum
778 1730 835 1782 aut
857 1717 1063 1781 inventarum
1081 1731 1144 1782 aut

143 1868 346 1929 excultarum
386 1864 488 1951 gloria
526 1865 768 1940 excelluerunt,
811 1877 921 1928 tamen
954 1865 1041 1930 haud
1073 1865 1140 1929 scic

144 2033 185 2074 an
207 2012 397 2094 praecipuus
422 2011 557 2098 quidam
576 2013 663 2076 locus
680 2010 717 2075 iis
736 2010 776 2094 sit
792 2009 1000 2087 tribuendus,
1025 2012 1083 2096 qui
1104 2011 1140 2073 in

144 2129 253 2240 aliquo
281 2155 359 2220 artis
386 2155 590 2219 doctrinaeve
621 2176 737 2241 genere
762 2157 930 2218 tractando
954 2156 1040 2220 viam
1069 2176 1143 2239 pos·

57 2285 60 2291 ¹
145 2303 221 2367 teris
252 2301 488 2377 strationem,
513 2304 612 2385 quam
636 2301 670 2364 in
693 2303 806 2366 eodem
830 2303 931 2366 stadio
952 2277 1143 2380 tuerentur,

143 2450 361 2514 ostenderunt.
406 2446 557 2534 Quorum
591 2450 717 2514 utinam
748 2450 897 2515 omnium
920 2452 986 2516 fida
1007 2465 1040 2515 et
1062 2451 1145 2515 inte·

144 2621 203 2686 gra
238 2601 278 2664 ad
308 2619 368 2664 nos
387 2596 579 2681 pervenisset
609 2597 718 2663 fama!
743 2596 807 2663 Sed
830 2602 974 2664 multum
994 2600 1083 2664 abest
1103 2615 1141 2663 ut

114 2746 117 2752 ’
145 2749 296 2811 fortunae
319 2767 414 2822 eam,
439 2747 772 2830 quamvoluissamus,
797 2747 935 2835 gratiam
956 2748 1144 2812 habeamus.

144 2892 236 2980 Quae
258 2895 284 2959 si
296 2894 453 2979 pepercit
464 2895 592 2970 multis,
607 2917 690 2981 quae
702 2896 793 2982 grata
806 2896 1032 2982 prosequimur
1045 2918 1145 2962 vene·

145 3043 287 3119 ratione,
310 3043 453 3125 plurima
475 3015 649 3119 absumsit,
669 3021 825 3110 adsumsit
846 3066 902 3121 ea,
925 3065 1067 3129 quorum
1077 3047 1146 3130 jac·

145 3190 220 3256 turd
253 3191 334 3278 fingi
370 3190 404 3254 in
435 3190 482 3256 his
511 3191 680 3255 literarum
710 3173 821 3257 studiis
848 3193 902 3258 vix
941 3195 1008 3257 ulla
1035 3195 1141 3278 major

144 3353 260 3425 potest.
305 3338 388 3406 Nam
412 3360 516 3425 quum
540 3339 664 3405 intersit
685 3340 864 3424 plurimum
879 3388 887 3418 ,
900 3342 1020 3406 artium
1034 3343 1145 3407 etdis-

145 3491 340 3575 ciplinarum
369 3501 554 3554 contextam
586 3488 753 3554 historiam
776 3490 915 3567 novisse,
942 3503 979 3556 ut
1001 3492 1142 3555 arduum

145 3638 264 3726 ingenii
296 3637 475 3704 humanis
499 3638 633 3702 rudibus
656 3638 753 3702 initiis
777 3641 817 3704 ad
848 3639 1071 3704 maturitatem
1093 3661 1147 3704 su·

146 3811 201 3854 am
235 3789 296 3853 iter
321 3801 353 3852 et
381 3787 637 3873 progressionem
662 3807 912 3871 cognoscamus,
936 3800 1082 3852 veterum
1105 3787 1146 3851 si·

145 3939 245 4005 lentio
278 3951 310 4002 et
344 3937 490 4020 ipsorum
524 3913 815 4000 monumentorum
848 3935 980 4000 interitu
1016 3934 1075 4010 fit,
1109 3947 1147 3998 ut

146 4102 280 4166 naturae
305 4097 432 4150 nostrae
460 4083 671 4168 cupiditatem
702 4083 816 4148 satiare
846 4083 905 4149 nisi
929 4103 1022 4168 aegre
1044 4081 1148 4165 possi-
