2580 4756
631 377 695 437 269

133 551 243 622 tiales,
273 553 426 614 cmlvicio
441 550 539 635 festa
564 550 717 613 dicuntur
732 550 757 613 ¹.
804 552 941 616 Monent
965 568 1074 617 autem
1096 558 1145 617 le·

130 667 183 750 gis
208 666 328 740 verba,
353 680 390 729 ut
403 667 640 750 distinguamus
654 689 690 730 ea
704 670 908 743 convicia,
928 691 1011 752 quae
1019 672 1145 752 jacien-

132 795 180 847 tes
217 795 388 846 occentara
419 785 592 857 dicuntur,
617 807 634 846 a
659 786 772 847 malis
795 787 1049 850 carminibus.
1086 788 1145 850 Illa

134 900 224 962 enim
260 921 315 962 ore
343 915 471 964 tantum
494 900 609 983 jactari
636 902 804 976 solebant,
829 906 961 966 fortasse
984 905 1145 967 memoria

135 1014 264 1086 teneri,
297 1018 376 1078 haec
407 1017 530 1097 scripto
561 1018 729 1110 mandari}
758 1038 825 1100 quo
855 1018 954 1082 fiebat
983 1033 1020 1082 ut
1042 1034 1146 1082 essem

135 1132 302 1194 infestiora
325 1146 358 1196 ot
384 1133 541 1195 odiosiora
561 1147 659 1216 atque
676 1134 753 1218 legis
773 1136 943 1198 severitate
965 1137 1070 1198 caveri
1090 1139 1145 1199 de-

134 1250 260 1312 berent.
308 1249 404 1332 Quod
428 1249 543 1314 Cicero
559 1250 734 1314 indicavit:
768 1274 1003 1334 «quamquam
1018 1254 1051 1316 id
1072 1254 1144 1336 qui·

134 1370 211 1430 dem
230 1367 329 1429 etiam
342 1367 514 1432 duodecim
527 1368 656 1431 tabulae
669 1371 859 1447 declarant,
877 1369 978 1432 condi
985 1373 1056 1453 jam
1070 1385 1144 1434 tum

133 1486 266 1547 solitum
289 1506 353 1554 esse
377 1507 528 1560 carmen:
554 1489 639 1568 quod
665 1508 706 1548 ne
730 1488 842 1550 liceret
865 1489 935 1551 fieri
957 1489 998 1550 ad
1015 1489 1145 1552 alterius

135 1602 312 1684 injuriam,
348 1606 419 1686 lege
445 1615 632 1666 sanxerunt.
648 1624 665 1663 r>
697 1602 760 1667 Sed
793 1605 936 1686 apertius
960 1596 1144 1668 Arnobius¹:

137 1718 314 1784 «Carmen
334 1723 462 1781 malum
487 1721 717 1789 conscribere.
743 1743 809 1805 quo
833 1725 922 1784 fama
943 1709 1146 1784 1111111113οό-

135 1837 324 1919 inquinetur
352 1850 384 1900 et
405 1838 491 1911 vita,
528 1839 796 1902 decemviralibus
816 1837 902 1902 scitis
928 1841 1063 1901 evadere
1083 1853 1147 1900 n'o-

135 1953 239 2018 luistis
258 1955 404 2037 impune.
418 1975 436 2015 t>

180 2071 286 2148 Haeo,
311 2087 443 2137 auctore
456 2072 590 2138 Horatio
613 2075 772 2156 aliisque,
794 2075 833 2137 de
857 2074 884 2136 F
886 2075 1060 2138 escenninis
1074 2094 1146 2138 ver-

134 2190 221 2255 sibus
256 2211 437 2274 eorumque
468 2213 565 2268 rure,
598 2193 632 2253 in
667 2192 749 2254 urbe
777 2205 808 2254 et
830 2195 916 2272 apud
941 2192 1060 2255 milites
1085 2212 1144 2254 usu

127 2309 292 2390 disputari
319 2331 407 2391 posse
425 2310 587 2374 videntur.
635 2310 685 2373 Ex
707 2309 824 2391 quibus
841 2302 1145 2395 perspicuumfore

136 2425 298 2500 arbitror,
323 2425 404 2489 illud
436 2427 620 2490 inconditae
640 2431 769 2506 poeseos
791 2446 891 2508 genus
912 2437 1070 2504 tanquam
1097 2445 1146 2486 sa-

136 2542 218 2605 tirae
253 2543 421 2604 Romanae
449 2519 630 2629 primordia
653 2543 814 2628 quaedam
841 2539 956 2616 fuisse;
991 2540 1072 2620 quin
1092 2539 1147 2600 illa

136 2670 262 2744 aperta
272 2659 400 2733 rabies,
413 2657 450 2719 in
468 2675 569 2740 quam
580 2676 690 2719 saevus
700 2658 790 2738 jocus
804 2653 886 2718 verti
900 2655 1015 2736 eoepit,
1029 2675 1147 2717 ernen-
1201 2701 1204 2705 ,

135 2789 193 2839 tus
206 2776 287 2838 dens
301 2823 308 2850 ,
334 2796 400 2859 quo
414 2773 546 2837 lacessiti
559 2774 691 2835 doluere
698 2806 711 2847 ·,
725 2785 757 2835 et
769 2771 944 2833 hominum
957 2768 1147 2857 descriptio

133 2894 348 2957 acerbitatem
362 2891 548 2954 Lucilianae
560 2888 678 2951 satirae
691 2934 700 2964 ,
725 2891 856 2972 qualem
871 2889 955 2951 hanc
968 2889 1061 2951 fuisse
1074 2883 1148 2952 me·

133 3021 270 3072 morant
279 3008 314 3083 2,
339 3011 463 3070 referre
477 3007 638 3070 videntur.
654 3003 755 3069 Addit
768 3005 931 3079 Horatius,
944 3025 1037 3068 verso
1048 3008 1148 3068 modo

135 3126 312 3190 formidine
346 3125 437 3187 fustis
460 3127 501 3187 ad
533 3124 616 3186 bene
652 3124 828 3186 dicendum
853 3125 1146 3206 delectandumque

133 3245 280 3307 redactos
301 3262 366 3305 esse
388 3241 563 3303 Romanos.
589 3237 837 3315 Maledioentia,¹
856 3261 940 3322 quae
962 3236 1049 3302 mala
1073 3261 1149 3302 car·-

136 3360 227 3422 mina
246 3370 417 3440 pepererat
431 3403 439 3432 ,
453 3356 689 3431 obticescante,
712 3356 900 3419 oblectandi
915 3356 1081 3436 proposito
1093 3355 1148 3416 in-

136 3477 262 3560 dulgeri
287 3475 417 3557 coepit·
452 3472 521 3537 Hic
534 3494 612 3536 vero
632 3474 836 3536 scenicorum
855 3475 1008 3535 ludorum
1033 3470 1146 3546 initia,

138 3593 178 3656 ab
191 3594 333 3657 Etruscis
346 3596 491 3674 profecta
504 3639 511 3664 ‚
526 3593 762 3684 consideranda
770 3603 860 3653 sunt:
886 3610 1029 3670 quorum
1043 3585 1148 3672 quum

142 3772 417 3786 m

173 3892 182 3924 1
219 3880 371 3926 'Lucam
404 3875 444 3932 ll,
477 3879 535 3945 ²69·
569 3881 704 3928 alerien
726 3877 795 3927 Med.
823 3879 878 3934 115,
906 3881 1027 3929 Mart.
1045 3876 1145 3942 Epigr.

141 3967 210 4030 Vll,
231 3969 258 4032 8,
276 3987 302 4037 7.

174 4085 189 4118 2
225 4063 565 4132 sup.p.88,130,136.
