2580 4756
623 362 687 422 272

150 542 258 603 oculos
290 538 469 620 permulsit.
523 536 565 599 Et
596 537 672 618 quia
699 534 807 595 ludius
840 537 927 615 apud
951 553 1005 597 000
1029 536 1153 599 listris

149 655 393 738 appellabatur,
421 653 548 716 scenico
570 672 691 714 nomen
716 650 908 713 histrionis
930 652 1077 714 inditum
1099 667 1151 716 est.

149 773 309 836 Paulatim
347 772 463 833 deinde
504 770 629 832 ludicra
660 791 710 832 ars
745 770 785 830 ad
822 781 1010 852 satyrarum
1045 773 1153 833 modos

147 890 317 972 perrepsit.
364 888 393 952 A
429 887 547 970 quibus
578 886 705 967 primus
737 887 888 948 omnium
922 892 1021 968 poeta
1050 887 1153 950 Livius

146 1010 187 1071 ad
219 1007 407 1070 fabularum
440 1018 633 1089 argumenta
654 1003 872 1084 spectantium
886 1003 1026 1074 ¹animos
1050 1017 1149 1067 trane

147 1124 233 1189 tulit.
288 1123 383 1205 Isque
407 1124 456 1186 sui
491 1121 597 1203 operis
631 1133 740 1194 actor,
776 1141 853 1184 curn
889 1120 1019 1202 saepius
1055 1138 1153 1202 ape·

147 1243 226 1322 pulo
255 1254 422 1304 revocatus
451 1255 565 1303 vocem
591 1238 790 1312 obtudisset,
825 1236 973 1301 adhibito
1005 1238 1099 1319 pueri
1122 1251 1150 1301 et

145 1357 286 1422 tibicinis
302 1370 477 1431 concentu,
490 1354 767 1440 gesticulationem
781 1355 896 1418 tacitus
907 1355 1045 1439 peregit.
1070 1355 1149 1418 Atel·

147 1477 210 1538 lani
242 1488 353 1537 autem
378 1472 419 1535 ab
445 1471 534 1536 Oscis
552 1473 644 1536 acciti
663 1484 756 1534 sunt:
783 1475 872 1554 qood
892 1490 993 1556 genus
1020 1474 1147 1536 delecte

145 1591 240 1654 tionis
263 1590 375 1654 Italica
397 1591 564 1654 severitate
587 1603 831 1670 temperatum,
856 1591 997 1672 ideoque
1016 1611 1145 1654 vacuum

144 1708 221 1770 0011
245 1716 303 1770 est.
349 1706 432 1770 Nam
456 1728 563 1789 neque
583 1705 673 1768 tribu
697 1718 871 1780 movetur,
896 1727 1004 1788 neque
1028 1728 1047 1769 a
1067 1700 1146 1767 mili*

143 1824 266 1887 taribus
285 1824 450 1906 stipendiis
473 1824 641 1904 repellitur
654 1822 680 1885 ¹.
695 1841 712 1881 t>
778 1836 780 1841 '

188 1941 376 2024 Utrumque
402 1944 512 2004 locum
542 1940 782 2004 conferentibus
810 1942 916 2020 palam
941 1953 1007 2016 est,
1043 1942 1143 2005 Livia·

143 2066 226 2120 num
252 2057 295 2120 ob
326 2061 434 2121 oculos
451 2057 597 2120 habuisse
619 2055 787 2119 Valerium
814 2055 1011 2121 Maximum.
1059 2058 1143 2141 Quod

142 2173 292 2253 quamvis
323 2176 418 2253 plura
448 2173 625 2234 0000110110
646 2175 733 2252 apud
754 2156 935 2255 utrumque
960 2178 1142 2247 ostendant,

142 2302 254 2350 tamen
285 2287 346 2349 alia
372 2290 506 2360 docent,
531 2308 596 2350 000
621 2311 640 2349 a
657 2291 723 2350 solo
745 2289 837 2353 Livio
858 2311 935 2352 eurn
962 2293 1138 2373 pependisse

140 2407 194 2467 sed
212 2403 312 2465 alium
337 2405 463 2467 fontem
479 2403 683 2468 consuluisse.
708 2403 792 2467 Nam
813 2421 978 2469 memorat
1004 2409 1140 2490 01110010

138 2524 299 2586 carmina
316 2524 506 2606 compositu
520 2566 528 2596 ‚
543 2523 630 2604 quod
643 2543 772 2584 sacrum
785 2528 916 2604 poeseos
931 2545 1035 2607 00001
1048 2526 1140 2597 fuisse,

135 2623 272 2702 *fortasse
302 2637 445 2712 Saliare,
471 2659 519 2700 eo
554 2638 752 2712 ostenditur,
777 2642 866 2721 quod
889 2633 1138 2703 venerabilibus

139 2777 223 2842 wgo
245 2755 335 2818 Deos
357 2755 470 2818 verbis
488 2755 664 2818 constabat.
711 2755 915 2819 Tentavere
942 2778 1048 2840 quum
1070 2769 1138 2819 esset

139 2871 248 2934 morbi
273 2872 319 2935 vis
340 2886 373 2934 et
394 2873 659 2945 incrementum,
684 2883 721 2935 ut
744 2873 866 2934 solenni
880 2874 1070 2937 recitatione
1080 2873 1139 2936 ani-

131 2988 207 3064 mi,
243 2988 320 3052 meli
348 2988 573 3073 magnitudine
598 2988 758 3069 perculsi,
792 2992 1061 3066 adverterentur,
1095 2991 1140 3052 1ον

170 3313 183 3350 1
224 3294 266 3356 ll,
286 3295 315 3358 4,
328 3296 354 3346 4.
376 3299 477 3352 Oros,
498 3298 556 3362 lll,
570 3299 596 3353 4.
626 3299 688 3353 eL·
708 3302 833 3353 Genucio
852 3311 879 3352 el
897 3303 934 3370 Q
948 3304 1069 3357 Servilio
1081 3321 1143 3356 coss.

135 3393 228 3460 ingens
248 3394 401 3444 univers-tm
419 3393 529 3445 Romam
547 3395 702 3461 pestilentia
722 3398 858 3463 corripuit
881 3432 911 3444 -
930 3400 1000 3452 Cum
1012 3401 1139 3466 pestilen-

137 3489 172 3538 tia
202 3491 229 3540 in
258 3491 317 3544 dies
345 3490 539 3554 crudesceret,
568 3500 693 3544 auctores
718 3511 825 3544 suasere
852 3496 1021 3560 pontifices,
1043 3504 1072 3547 ut
1090 3493 1145 3546 ludi

136 3587 233 3638 scenici
262 3588 315 3638 diis
333 3589 526 3653 expetentibus
544 3590 710 3640 ederentur:
731 3589 769 3638 ita
790 3608 841 3655 010
858 3590 1019 3656 depellenda
1040 3601 1148 3656 tempo-

137 3683 187 3730 rali
216 3690 291 3746 peste
319 3703 487 3748 corporum,
513 3687 661 3740 arcessitus
678 3694 719 3736 est
738 3695 888 3751 perpetuus
905 3691 1023 3740 morbus
1040 3690 1147 3740 auimo-

128 3779 770 3852 00101101.Λο011001100101).11,9).
794 3787 846 3834 Ta
861 3804 883 3834 c,
901 3787 978 3835 Anu.
1004 3784 1148 3847 XIV,2t:

138 3873 287 3940 sMajores
303 3893 411 3942 quoque
428 3893 483 3926 000
495 3879 656 3929 abstinuisse
675 3879 892 3944 spectaculorum
917 3880 1148 3938 oblectamentis,

136 3987 186 4036 pro
210 3969 319 4019 1011001
340 3987 407 4036 quae
428 3978 483 4021 tum
503 3981 578 4038 erat;
606 3992 693 4042 eoque
711 3992 725 4023 0
745 3974 842 4026 'l'uscis
860 3977 961 4028 accitos
980 3976 1154 4033 histriones,

136 4085 148 4114 a
169 4065 282 4117 Thuriis
301 4084 379 4133 010101
391 4087 431 4118 010
451 4069 636 4120 certaminum
657 4071 695 4120 Cf
716 4071 769 4134 lv,
783 4073 810 4124 4.
