<?xml version="1.0" encoding="UTF-8"?>
<!DOCTYPE html PUBLIC "-//W3C//DTD XHTML 1.0 Transitional//EN"
    "http://www.w3.org/TR/xhtml1/DTD/xhtml1-transitional.dtd">
<html xmlns="http://www.w3.org/1999/xhtml" xml:lang="en" lang="en">
 <head>
  <title>
</title>
<meta http-equiv="Content-Type" content="text/html;charset=utf-8" />
  <meta name='ocr-system' content='tesseract 3.04.00' />
  <meta name='ocr-capabilities' content='ocr_page ocr_carea ocr_par ocr_line ocrx_word'/>
</head>
<body>
  <div class='ocr_page' id='page_1' title='image "./studiacriticain00heusgoog_0090.png"; bbox 0 0 2580 4756; ppageno 0'>
   <div class='ocr_carea' id='block_1_1' title="bbox 536 360 578 423">
    <p class='ocr_par' dir='ltr' id='par_1_1' title="bbox 536 360 578 423">
     <span class='ocr_line' id='line_1_1' title="bbox 536 360 578 423; baseline -0.024 0"><span class='ocrx_word' id='word_1_1' title='bbox 536 360 578 423; x_wconf 77' lang='lat'><strong>79</strong></span> 
     </span>
    </p>
   </div>
   <div class='ocr_carea' id='block_1_2' title="bbox 36 537 1082 3593">
    <p class='ocr_par' dir='ltr' id='par_1_2' title="bbox 36 537 1082 3593">
     <span class='ocr_line' id='line_1_2' title="bbox 47 537 1082 628; baseline -0.001 -24"><span class='ocrx_word' id='word_1_2' title='bbox 47 539 177 607; x_wconf 82' lang='lat' dir='ltr'><strong>tionem</strong></span> <span class='ocrx_word' id='word_1_3' title='bbox 200 539 387 626; x_wconf 74' lang='lat' dir='ltr'><strong>argumenti</strong></span> <span class='ocrx_word' id='word_1_4' title='bbox 409 537 579 614; x_wconf 87' lang='lat' dir='ltr'><strong>habentes,</strong></span> <span class='ocrx_word' id='word_1_5' title='bbox 593 549 660 628; x_wconf 10' lang='lat' dir='ltr'><strong>*aut</strong></span> <span class='ocrx_word' id='word_1_6' title='bbox 677 538 810 610; x_wconf 83' lang='lat' dir='ltr'><strong>Athenis</strong></span> <span class='ocrx_word' id='word_1_7' title='bbox 822 538 950 605; x_wconf 83' lang='lat' dir='ltr'><strong>brevius</strong></span> <span class='ocrx_word' id='word_1_8' title='bbox 962 558 1058 604; x_wconf 74' lang='lat' dir='ltr'><strong>com·</strong></span> <span class='ocrx_word' id='word_1_9' title='bbox 1080 615 1082 619; x_wconf 21' lang='lat'><strong><em>¹</em></strong></span> 
     </span>
     <span class='ocr_line' id='line_1_3' title="bbox 36 638 1062 734; baseline 0.002 -12"><span class='ocrx_word' id='word_1_10' title='bbox 36 638 198 722; x_wconf 58' lang='lat' dir='ltr'><strong>⁸moranti</strong></span> <span class='ocrx_word' id='word_1_11' title='bbox 216 657 342 722; x_wconf 92' lang='lat' dir='ltr'><strong>Lucilio</strong></span> <span class='ocrx_word' id='word_1_12' title='bbox 354 670 387 721; x_wconf 90' lang='lat' dir='ltr'><strong>et</strong></span> <span class='ocrx_word' id='word_1_13' title='bbox 406 655 626 722; x_wconf 81' lang='lat' dir='ltr'><strong>Carneadeam</strong></span> <span class='ocrx_word' id='word_1_14' title='bbox 649 657 842 734; x_wconf 81' lang='lat' dir='ltr'><strong>doctrinam,</strong></span> <span class='ocrx_word' id='word_1_15' title='bbox 861 680 880 721; x_wconf 89' lang='lat' dir='ltr'><strong>a</strong></span> <span class='ocrx_word' id='word_1_16' title='bbox 900 647 1062 724; x_wconf 67' lang='lat' dir='ltr'><strong>Clitoma-⁴</strong></span> 
     </span>
     <span class='ocr_line' id='line_1_4' title="bbox 49 774 1059 859; baseline 0.001 -17"><span class='ocrx_word' id='word_1_17' title='bbox 49 779 117 842; x_wconf 88' lang='lat' dir='ltr'><strong>cho</strong></span> <span class='ocrx_word' id='word_1_18' title='bbox 139 779 289 841; x_wconf 88' lang='lat' dir='ltr'><strong>nondum</strong></span> <span class='ocrx_word' id='word_1_19' title='bbox 306 774 405 841; x_wconf 90' lang='lat' dir='ltr'><strong>literis</strong></span> <span class='ocrx_word' id='word_1_20' title='bbox 426 777 616 850; x_wconf 86' lang='lat' dir='ltr'><strong>mandatam</strong></span> <span class='ocrx_word' id='word_1_21' title='bbox 630 797 736 859; x_wconf 89' lang='lat' dir='ltr'><strong>neque</strong></span> <span class='ocrx_word' id='word_1_22' title='bbox 753 775 869 840; x_wconf 80' lang='lat' dir='ltr'><strong>iccirco</strong></span> <span class='ocrx_word' id='word_1_23' title='bbox 885 776 947 840; x_wconf 90' lang='lat' dir='ltr'><strong>nisi</strong></span> <span class='ocrx_word' id='word_1_24' title='bbox 974 775 1059 843; x_wconf 90' lang='lat' dir='ltr'><strong>Car-</strong></span> 
     </span>
     <span class='ocr_line' id='line_1_5' title="bbox 49 893 1062 977; baseline 0.004 -20"><span class='ocrx_word' id='word_1_25' title='bbox 49 894 164 958; x_wconf 85' lang='lat' dir='ltr'><strong>neadis</strong></span> <span class='ocrx_word' id='word_1_26' title='bbox 194 893 355 977; x_wconf 85' lang='lat' dir='ltr'><strong>discipulis</strong></span> <span class='ocrx_word' id='word_1_27' title='bbox 385 907 514 975; x_wconf 88' lang='lat' dir='ltr'><strong>notam,</strong></span> <span class='ocrx_word' id='word_1_28' title='bbox 547 893 719 959; x_wconf 81' lang='lat' dir='ltr'><strong>sciscitanti</strong></span> <span class='ocrx_word' id='word_1_29' title='bbox 746 893 990 960; x_wconf 83' lang='lat' dir='ltr'><strong>Clitomachum</strong></span> <span class='ocrx_word' id='word_1_30' title='bbox 1004 918 1062 961; x_wconf 91' lang='lat' dir='ltr'><strong>re-</strong></span> 
     </span>
     <span class='ocr_line' id='line_1_6' title="bbox 51 985 1061 1098; baseline 0.001 -21"><span class='ocrx_word' id='word_1_31' title='bbox 51 1013 174 1096; x_wconf 89' lang='lat' dir='ltr'><strong>cepisse</strong></span> <span class='ocrx_word' id='word_1_32' title='bbox 196 1022 234 1076; x_wconf 87' lang='lat' dir='ltr'><strong>ut</strong></span> <span class='ocrx_word' id='word_1_33' title='bbox 265 1015 332 1098; x_wconf 87' lang='lat' dir='ltr'><strong>ejus</strong></span> <span class='ocrx_word' id='word_1_34' title='bbox 351 985 516 1077; x_wconf 87' lang='lat' dir='ltr'><strong>summam</strong></span> <span class='ocrx_word' id='word_1_35' title='bbox 539 1014 704 1090; x_wconf 88' lang='lat' dir='ltr'><strong>traderet,</strong></span> <span class='ocrx_word' id='word_1_36' title='bbox 726 1026 784 1078; x_wconf 88' lang='lat' dir='ltr'><strong>aut</strong></span> <span class='ocrx_word' id='word_1_37' title='bbox 804 1014 1061 1089; x_wconf 85' lang='lat' dir='ltr'><strong>eidemaliunde</strong></span> 
     </span>
     <span class='ocr_line' id='line_1_7' title="bbox 49 1131 1062 1218; baseline 0 -21"><span class='ocrx_word' id='word_1_38' title='bbox 49 1131 188 1218; x_wconf 75' lang='lat' dir='ltr'><strong>cognito</strong></span> <span class='ocrx_word' id='word_1_39' title='bbox 225 1144 257 1196; x_wconf 91' lang='lat' dir='ltr'><strong>et</strong></span> <span class='ocrx_word' id='word_1_40' title='bbox 287 1134 329 1197; x_wconf 91' lang='lat' dir='ltr'><strong>ad</strong></span> <span class='ocrx_word' id='word_1_41' title='bbox 361 1133 603 1216; x_wconf 86' lang='lat' dir='ltr'><strong>percipiendam</strong></span> <span class='ocrx_word' id='word_1_42' title='bbox 632 1132 834 1215; x_wconf 87' lang='lat' dir='ltr'><strong>disciplinam</strong></span> <span class='ocrx_word' id='word_1_43' title='bbox 869 1132 1062 1198; x_wconf 86' lang='lat' dir='ltr'><strong>Academiae</strong></span> 
     </span>
     <span class='ocr_line' id='line_1_8' title="bbox 52 1249 1060 1334; baseline -0.004 -15"><span class='ocrx_word' id='word_1_44' title='bbox 52 1263 134 1333; x_wconf 81' lang='lat' dir='ltr'><strong>apto</strong></span> <span class='ocrx_word' id='word_1_45' title='bbox 159 1272 231 1314; x_wconf 89' lang='lat' dir='ltr'><strong>eam</strong></span> <span class='ocrx_word' id='word_1_46' title='bbox 253 1250 420 1334; x_wconf 87' lang='lat' dir='ltr'><strong>impertire</strong></span> <span class='ocrx_word' id='word_1_47' title='bbox 447 1271 487 1314; x_wconf 89' lang='lat' dir='ltr'><strong>eo</strong></span> <span class='ocrx_word' id='word_1_48' title='bbox 507 1249 641 1314; x_wconf 90' lang='lat' dir='ltr'><strong>consilio</strong></span> <span class='ocrx_word' id='word_1_49' title='bbox 663 1250 838 1328; x_wconf 86' lang='lat' dir='ltr'><strong>studuisse,</strong></span> <span class='ocrx_word' id='word_1_50' title='bbox 861 1263 899 1316; x_wconf 89' lang='lat' dir='ltr'><strong>ut</strong></span> <span class='ocrx_word' id='word_1_51' title='bbox 912 1272 971 1334; x_wconf 89' lang='lat' dir='ltr'><strong>per</strong></span> <span class='ocrx_word' id='word_1_52' title='bbox 984 1271 1060 1332; x_wconf 83' lang='lat' dir='ltr'><strong>eum</strong></span> 
     </span>
     <span class='ocr_line' id='line_1_9' title="bbox 54 1359 1064 1456; baseline 0.001 -22"><span class='ocrx_word' id='word_1_53' title='bbox 54 1369 197 1454; x_wconf 89' lang='lat' dir='ltr'><strong>probata</strong></span> <span class='ocrx_word' id='word_1_54' title='bbox 229 1369 354 1436; x_wconf 88' lang='lat' dir='ltr'><strong>Romae</strong></span> <span class='ocrx_word' id='word_1_55' title='bbox 374 1359 622 1456; x_wconf 75' lang='lat' dir='ltr'><strong>propagaretur.</strong></span> <span class='ocrx_word' id='word_1_56' title='bbox 637 1366 772 1453; x_wconf 63' lang='lat' dir='ltr'><strong>4Quale</strong></span> <span class='ocrx_word' id='word_1_57' title='bbox 799 1369 932 1453; x_wconf 91' lang='lat' dir='ltr'><strong>quidem</strong></span> <span class='ocrx_word' id='word_1_58' title='bbox 956 1369 1064 1435; x_wconf 91' lang='lat' dir='ltr'><strong>Grae-</strong></span> 
     </span>
     <span class='ocr_line' id='line_1_10' title="bbox 53 1487 1063 1574; baseline -0.001 -19"><span class='ocrx_word' id='word_1_59' title='bbox 53 1504 175 1556; x_wconf 84' lang='lat' dir='ltr'><strong>corum</strong></span> <span class='ocrx_word' id='word_1_60' title='bbox 201 1487 470 1571; x_wconf 87' lang='lat' dir='ltr'><strong>philosophorum</strong></span> <span class='ocrx_word' id='word_1_61' title='bbox 482 1490 704 1574; x_wconf 79' lang='lat' dir='ltr'><strong>propositum</strong></span> <span class='ocrx_word' id='word_1_62' title='bbox 733 1488 827 1555; x_wconf 85' lang='lat' dir='ltr'><strong>luisse</strong></span> <span class='ocrx_word' id='word_1_63' title='bbox 849 1488 910 1552; x_wconf 91' lang='lat' dir='ltr'><strong>sibi</strong></span> <span class='ocrx_word' id='word_1_64' title='bbox 926 1510 1063 1572; x_wconf 90' lang='lat' dir='ltr'><strong>persua-</strong></span> 
     </span>
     <span class='ocr_line' id='line_1_11' title="bbox 54 1607 1063 1694; baseline 0.002 -23"><span class='ocrx_word' id='word_1_65' title='bbox 54 1609 133 1674; x_wconf 89' lang='lat' dir='ltr'><strong>deat</strong></span> <span class='ocrx_word' id='word_1_66' title='bbox 160 1627 283 1671; x_wconf 88' lang='lat' dir='ltr'><strong>necesse</strong></span> <span class='ocrx_word' id='word_1_67' title='bbox 303 1618 371 1683; x_wconf 87' lang='lat' dir='ltr'><strong>est,</strong></span> <span class='ocrx_word' id='word_1_68' title='bbox 395 1607 452 1691; x_wconf 90' lang='lat' dir='ltr'><strong>qui</strong></span> <span class='ocrx_word' id='word_1_69' title='bbox 474 1620 627 1690; x_wconf 86' lang='lat' dir='ltr'><strong>reputet,</strong></span> <span class='ocrx_word' id='word_1_70' title='bbox 655 1608 696 1671; x_wconf 90' lang='lat' dir='ltr'><strong>de</strong></span> <span class='ocrx_word' id='word_1_71' title='bbox 726 1609 840 1672; x_wconf 89' lang='lat' dir='ltr'><strong>eodem</strong></span> <span class='ocrx_word' id='word_1_72' title='bbox 865 1621 1063 1694; x_wconf 75' lang='lat' dir='ltr'><strong>argumento</strong></span> 
     </span>
     <span class='ocr_line' id='line_1_12' title="bbox 54 1723 1064 1808; baseline -0.001 -16"><span class='ocrx_word' id='word_1_73' title='bbox 54 1725 201 1792; x_wconf 88' lang='lat' dir='ltr'><strong>eundem</strong></span> <span class='ocrx_word' id='word_1_74' title='bbox 239 1723 482 1790; x_wconf 87' lang='lat' dir='ltr'><strong>Clitomachum</strong></span> <span class='ocrx_word' id='word_1_75' title='bbox 528 1727 626 1808; x_wconf 90' lang='lat' dir='ltr'><strong>paulo</strong></span> <span class='ocrx_word' id='word_1_76' title='bbox 658 1738 733 1789; x_wconf 87' lang='lat' dir='ltr'><strong>ante</strong></span> <span class='ocrx_word' id='word_1_77' title='bbox 773 1725 990 1808; x_wconf 85' lang='lat' dir='ltr'><strong>perscripsisse</strong></span> <span class='ocrx_word' id='word_1_78' title='bbox 1023 1727 1064 1791; x_wconf 91' lang='lat' dir='ltr'><strong>ad</strong></span> 
     </span>
     <span class='ocr_line' id='line_1_13' title="bbox 56 1840 1065 1928; baseline 0 -20"><span class='ocrx_word' id='word_1_79' title='bbox 56 1841 106 1908; x_wconf 87' lang='lat' dir='ltr'><strong>M.</strong></span> <span class='ocrx_word' id='word_1_80' title='bbox 131 1840 409 1908; x_wconf 87' lang='lat' dir='ltr'><strong>Censorinum.</strong></span> <span class='ocrx_word' id='word_1_81' title='bbox 439 1842 490 1907; x_wconf 93' lang='lat' dir='ltr'><strong>Ita</strong></span> <span class='ocrx_word' id='word_1_82' title='bbox 507 1843 658 1908; x_wconf 85' lang='lat' dir='ltr'><strong>novimus</strong></span> <span class='ocrx_word' id='word_1_83' title='bbox 672 1843 766 1909; x_wconf 90' lang='lat' dir='ltr'><strong>variis</strong></span> <span class='ocrx_word' id='word_1_84' title='bbox 784 1842 932 1908; x_wconf 88' lang='lat' dir='ltr'><strong>derebus</strong></span> <span class='ocrx_word' id='word_1_85' title='bbox 953 1844 1065 1928; x_wconf 87' lang='lat' dir='ltr'><strong>philo-</strong></span> 
     </span>
     <span class='ocr_line' id='line_1_14' title="bbox 54 1957 1066 2046; baseline -0.001 -19"><span class='ocrx_word' id='word_1_86' title='bbox 54 1959 207 2044; x_wconf 85' lang='lat' dir='ltr'><strong>sophiam</strong></span> <span class='ocrx_word' id='word_1_87' title='bbox 232 1960 449 2044; x_wconf 88' lang='lat' dir='ltr'><strong>spectantibus</strong></span> <span class='ocrx_word' id='word_1_88' title='bbox 472 1963 513 2026; x_wconf 93' lang='lat' dir='ltr'><strong>ad</strong></span> <span class='ocrx_word' id='word_1_89' title='bbox 535 1961 720 2029; x_wconf 86' lang='lat' dir='ltr'><strong>Romanam</strong></span> <span class='ocrx_word' id='word_1_90' title='bbox 730 1962 939 2046; x_wconf 85' lang='lat' dir='ltr'><strong>juventutem</strong></span> <span class='ocrx_word' id='word_1_91' title='bbox 959 1957 1066 2046; x_wconf 83' lang='lat' dir='ltr'><strong>scrip&#39;·</strong></span> 
     </span>
     <span class='ocr_line' id='line_1_15' title="bbox 56 2079 1063 2164; baseline 0.001 -18"><span class='ocrx_word' id='word_1_92' title='bbox 56 2081 132 2146; x_wconf 88' lang='lat' dir='ltr'><strong>sisse</strong></span> <span class='ocrx_word' id='word_1_93' title='bbox 154 2079 293 2145; x_wconf 86' lang='lat' dir='ltr'><strong>Graecos</strong></span> <span class='ocrx_word' id='word_1_94' title='bbox 305 2081 523 2164; x_wconf 89' lang='lat' dir='ltr'><strong>philosophos,</strong></span> <span class='ocrx_word' id='word_1_95' title='bbox 535 2103 567 2147; x_wconf 86' lang='lat' dir='ltr'><strong>v.</strong></span> <span class='ocrx_word' id='word_1_96' title='bbox 580 2103 608 2148; x_wconf 88' lang='lat' dir='ltr'><strong>c.</strong></span> <span class='ocrx_word' id='word_1_97' title='bbox 618 2080 808 2146; x_wconf 88' lang='lat' dir='ltr'><strong>Panaetium</strong></span> <span class='ocrx_word' id='word_1_98' title='bbox 819 2095 852 2146; x_wconf 90' lang='lat' dir='ltr'><strong>et</strong></span> <span class='ocrx_word' id='word_1_99' title='bbox 862 2081 1063 2147; x_wconf 90' lang='lat' dir='ltr'><strong>Hecatonem</strong></span> 
     </span>
     <span class='ocr_line' id='line_1_16' title="bbox 58 2196 1066 2284; baseline 0.003 -21"><span class='ocrx_word' id='word_1_100' title='bbox 58 2200 227 2271; x_wconf 82' lang='lat' dir='ltr'><strong>Rhodium</strong></span> <span class='ocrx_word' id='word_1_101' title='bbox 243 2202 284 2264; x_wconf 92' lang='lat' dir='ltr'><strong>ad</strong></span> <span class='ocrx_word' id='word_1_102' title='bbox 303 2197 344 2284; x_wconf 88' lang='lat' dir='ltr'><strong>Q.</strong></span> <span class='ocrx_word' id='word_1_103' title='bbox 368 2198 526 2264; x_wconf 90' lang='lat' dir='ltr'><strong>Aelium</strong></span> <span class='ocrx_word' id='word_1_104' title='bbox 546 2201 812 2274; x_wconf 85' lang='lat' dir='ltr'><strong>Tuberonem.</strong></span> <span class='ocrx_word' id='word_1_105' title='bbox 835 2199 899 2266; x_wconf 88' lang='lat' dir='ltr'><strong>Sed</strong></span> <span class='ocrx_word' id='word_1_106' title='bbox 911 2196 974 2266; x_wconf 79' lang='lat' dir='ltr'><strong>&#39;alia</strong></span> <span class='ocrx_word' id='word_1_107' title='bbox 988 2212 1066 2266; x_wconf 90' lang='lat' dir='ltr'><strong>sunt</strong></span> 
     </span>
     <span class='ocr_line' id='line_1_17' title="bbox 59 2318 1067 2405; baseline 0.002 -21"><span class='ocrx_word' id='word_1_108' title='bbox 59 2318 182 2386; x_wconf 85' lang='lat' dir='ltr'><strong>indicia</strong></span> <span class='ocrx_word' id='word_1_109' title='bbox 205 2339 319 2402; x_wconf 88' lang='lat' dir='ltr'><strong>operae</strong></span> <span class='ocrx_word' id='word_1_110' title='bbox 354 2342 373 2385; x_wconf 91' lang='lat' dir='ltr'><strong>a</strong></span> <span class='ocrx_word' id='word_1_111' title='bbox 403 2319 530 2385; x_wconf 89' lang='lat' dir='ltr'><strong>Lucilio</strong></span> <span class='ocrx_word' id='word_1_112' title='bbox 559 2321 594 2385; x_wconf 91' lang='lat' dir='ltr'><strong>in</strong></span> <span class='ocrx_word' id='word_1_113' title='bbox 628 2319 830 2387; x_wconf 90' lang='lat' dir='ltr'><strong>Graecorum</strong></span> <span class='ocrx_word' id='word_1_114' title='bbox 864 2320 1067 2405; x_wconf 89' lang='lat' dir='ltr'><strong>philosophia</strong></span> 
     </span>
     <span class='ocr_line' id='line_1_18' title="bbox 59 2436 1068 2522; baseline 0.001 -21"><span class='ocrx_word' id='word_1_115' title='bbox 59 2436 194 2522; x_wconf 84' lang='lat' dir='ltr'><strong>positae.</strong></span> <span class='ocrx_word' id='word_1_116' title='bbox 244 2437 429 2501; x_wconf 88' lang='lat' dir='ltr'><strong>Lactantius</strong></span> <span class='ocrx_word' id='word_1_117' title='bbox 465 2437 554 2502; x_wconf 89' lang='lat' dir='ltr'><strong>enim</strong></span> <span class='ocrx_word' id='word_1_118' title='bbox 584 2438 715 2503; x_wconf 88' lang='lat' dir='ltr'><strong>scribit:</strong></span> <span class='ocrx_word' id='word_1_119' title='bbox 740 2463 774 2512; x_wconf 69' lang='lat' dir='ltr'><strong>‚a</strong></span> <span class='ocrx_word' id='word_1_120' title='bbox 799 2438 981 2504; x_wconf 78' lang='lat' dir='ltr'><strong>Virtutem</strong></span> <span class='ocrx_word' id='word_1_121' title='bbox 1000 2459 1068 2503; x_wconf 90' lang='lat' dir='ltr'><strong>non</strong></span> 
     </span>
     <span class='ocr_line' id='line_1_19' title="bbox 60 2554 1067 2641; baseline -0.001 -18"><span class='ocrx_word' id='word_1_122' title='bbox 60 2557 125 2624; x_wconf 88' lang='lat' dir='ltr'><strong>rite</strong></span> <span class='ocrx_word' id='word_1_123' title='bbox 153 2554 340 2639; x_wconf 62' lang='lat' dir='ltr'><strong>philosophi,</strong></span> <span class='ocrx_word' id='word_1_124' title='bbox 365 2556 578 2632; x_wconf 83' lang='lat' dir='ltr'><strong>definierunt,</strong></span> <span class='ocrx_word' id='word_1_125' title='bbox 603 2557 683 2641; x_wconf 92' lang='lat' dir='ltr'><strong>quid</strong></span> <span class='ocrx_word' id='word_1_126' title='bbox 705 2569 804 2633; x_wconf 87' lang='lat' dir='ltr'><strong>esset,</strong></span> <span class='ocrx_word' id='word_1_127' title='bbox 828 2570 886 2622; x_wconf 90' lang='lat' dir='ltr'><strong>aut</strong></span> <span class='ocrx_word' id='word_1_128' title='bbox 901 2556 1067 2640; x_wconf 88' lang='lat' dir='ltr'><strong>inquibus</strong></span> 
     </span>
     <span class='ocr_line' id='line_1_20' title="bbox 60 2672 1069 2760; baseline -0.003 -20"><span class='ocrx_word' id='word_1_129' title='bbox 60 2675 179 2740; x_wconf 91' lang='lat' dir='ltr'><strong>rebus:</strong></span> <span class='ocrx_word' id='word_1_130' title='bbox 210 2674 290 2758; x_wconf 90' lang='lat' dir='ltr'><strong>quid</strong></span> <span class='ocrx_word' id='word_1_131' title='bbox 311 2675 436 2758; x_wconf 90' lang='lat' dir='ltr'><strong>operis,</strong></span> <span class='ocrx_word' id='word_1_132' title='bbox 464 2675 545 2760; x_wconf 94' lang='lat' dir='ltr'><strong>quid</strong></span> <span class='ocrx_word' id='word_1_133' title='bbox 567 2675 684 2740; x_wconf 90' lang='lat' dir='ltr'><strong>habeat</strong></span> <span class='ocrx_word' id='word_1_134' title='bbox 706 2675 811 2741; x_wconf 90' lang='lat' dir='ltr'><strong>officii.</strong></span> <span class='ocrx_word' id='word_1_135' title='bbox 847 2672 1069 2759; x_wconf 87' lang='lat' dir='ltr'><strong>Quaecunque</strong></span> 
     </span>
     <span class='ocr_line' id='line_1_21' title="bbox 59 2793 1069 2877; baseline -0.001 -18"><span class='ocrx_word' id='word_1_136' title='bbox 59 2807 176 2860; x_wconf 84' lang='lat' dir='ltr'><strong>autem</strong></span> <span class='ocrx_word' id='word_1_137' title='bbox 204 2795 240 2858; x_wconf 91' lang='lat' dir='ltr'><strong>in</strong></span> <span class='ocrx_word' id='word_1_138' title='bbox 267 2794 490 2858; x_wconf 85' lang='lat' dir='ltr'><strong>definitionem</strong></span> <span class='ocrx_word' id='word_1_139' title='bbox 517 2796 667 2858; x_wconf 79' lang='lat' dir='ltr'><strong>uirtutis</strong></span> <span class='ocrx_word' id='word_1_140' title='bbox 688 2795 791 2858; x_wconf 90' lang='lat' dir='ltr'><strong>solent</strong></span> <span class='ocrx_word' id='word_1_141' title='bbox 813 2793 937 2869; x_wconf 87' lang='lat' dir='ltr'><strong>dicere,</strong></span> <span class='ocrx_word' id='word_1_142' title='bbox 959 2793 1069 2877; x_wconf 89' lang='lat' dir='ltr'><strong>paucis</strong></span> 
     </span>
     <span class='ocr_line' id='line_1_22' title="bbox 61 2913 1072 3002; baseline -0.003 -21"><span class='ocrx_word' id='word_1_143' title='bbox 61 2915 208 2981; x_wconf 82' lang='lat' dir='ltr'><strong>versibus</strong></span> <span class='ocrx_word' id='word_1_144' title='bbox 238 2915 361 3002; x_wconf 74' lang='lat' dir='ltr'><strong>colligit</strong></span> <span class='ocrx_word' id='word_1_145' title='bbox 395 2927 428 2978; x_wconf 87' lang='lat' dir='ltr'><strong>et</strong></span> <span class='ocrx_word' id='word_1_146' title='bbox 447 2926 576 2978; x_wconf 88' lang='lat' dir='ltr'><strong>enarrat</strong></span> <span class='ocrx_word' id='word_1_147' title='bbox 600 2913 741 2978; x_wconf 88' lang='lat' dir='ltr'><strong>Lucilius</strong></span> <span class='ocrx_word' id='word_1_148' title='bbox 755 2913 781 2980; x_wconf 87' lang='lat'><strong>1.</strong></span> <span class='ocrx_word' id='word_1_149' title='bbox 795 2933 813 2976; x_wconf 90' lang='grc'>»</span> <span class='ocrx_word' id='word_1_150' title='bbox 860 2914 975 2980; x_wconf 80' lang='lat' dir='ltr'><strong>Refert</strong></span> <span class='ocrx_word' id='word_1_151' title='bbox 994 2935 1072 2980; x_wconf 84' lang='lat' dir='ltr'><strong>ver-</strong></span> 
     </span>
     <span class='ocr_line' id='line_1_23' title="bbox 61 3032 1071 3110; baseline -0.003 -10"><span class='ocrx_word' id='word_1_152' title='bbox 61 3056 117 3100; x_wconf 90' lang='lat' dir='ltr'><strong>sus</strong></span> <span class='ocrx_word' id='word_1_153' title='bbox 143 3055 212 3110; x_wconf 90' lang='lat' dir='ltr'><strong>eos,</strong></span> <span class='ocrx_word' id='word_1_154' title='bbox 235 3055 296 3110; x_wconf 88' lang='lat' dir='ltr'><strong>ne,</strong></span> <span class='ocrx_word' id='word_1_155' title='bbox 321 3036 401 3098; x_wconf 91' lang='lat' dir='ltr'><strong>dum</strong></span> <span class='ocrx_word' id='word_1_156' title='bbox 426 3035 610 3103; x_wconf 74' lang='lat' dir='ltr'><strong>inultorum</strong></span> <span class='ocrx_word' id='word_1_157' title='bbox 631 3032 801 3099; x_wconf 88' lang='lat' dir='ltr'><strong>sententias</strong></span> <span class='ocrx_word' id='word_1_158' title='bbox 824 3036 971 3109; x_wconf 87' lang='lat' dir='ltr'><strong>refellat,</strong></span> <span class='ocrx_word' id='word_1_159' title='bbox 994 3035 1071 3097; x_wconf 90' lang='lat' dir='ltr'><strong>lon-</strong></span> 
     </span>
     <span class='ocr_line' id='line_1_24' title="bbox 62 3151 1071 3240; baseline -0.002 -23"><span class='ocrx_word' id='word_1_160' title='bbox 62 3153 138 3240; x_wconf 74' lang='lat' dir='ltr'><strong>gior</strong></span> <span class='ocrx_word' id='word_1_161' title='bbox 151 3165 255 3216; x_wconf 77' lang='lat' dir='ltr'><strong>‘esset</strong></span> <span class='ocrx_word' id='word_1_162' title='bbox 302 3151 402 3216; x_wconf 83' lang='lat' dir='ltr'><strong>Addit</strong></span> <span class='ocrx_word' id='word_1_163' title='bbox 425 3163 558 3228; x_wconf 89' lang='lat' dir='ltr'><strong>autem,</strong></span> <span class='ocrx_word' id='word_1_164' title='bbox 582 3151 623 3215; x_wconf 85' lang='lat' dir='ltr'><strong>ab</strong></span> <span class='ocrx_word' id='word_1_165' title='bbox 647 3151 683 3215; x_wconf 90' lang='lat' dir='ltr'><strong>iis</strong></span> <span class='ocrx_word' id='word_1_166' title='bbox 706 3151 969 3228; x_wconf 86' lang='lat' dir='ltr'><strong>definitionibus,</strong></span> <span class='ocrx_word' id='word_1_167' title='bbox 992 3173 1071 3236; x_wconf 93' lang='lat' dir='ltr'><strong>quas</strong></span> 
     </span>
     <span class='ocr_line' id='line_1_25' title="bbox 63 3268 1073 3354; baseline -0.001 -20"><span class='ocrx_word' id='word_1_168' title='bbox 63 3271 208 3335; x_wconf 88' lang='lat' dir='ltr'><strong>breviter</strong></span> <span class='ocrx_word' id='word_1_169' title='bbox 242 3275 339 3352; x_wconf 79' lang='lat' dir='ltr'><strong>poeta</strong></span> <span class='ocrx_word' id='word_1_170' title='bbox 363 3270 674 3354; x_wconf 85' lang='lat' dir='ltr'><strong>comprehendisset,</strong></span> <span class='ocrx_word' id='word_1_171' title='bbox 703 3268 749 3336; x_wconf 90' lang='lat' dir='ltr'><strong>M.</strong></span> <span class='ocrx_word' id='word_1_172' title='bbox 773 3269 919 3335; x_wconf 88' lang='lat' dir='ltr'><strong>Tullium</strong></span> <span class='ocrx_word' id='word_1_173' title='bbox 941 3269 1073 3334; x_wconf 83' lang='lat' dir='ltr'><strong>traxisse</strong></span> 
     </span>
     <span class='ocr_line' id='line_1_26' title="bbox 65 3387 1072 3466; baseline -0.001 -12"><span class='ocrx_word' id='word_1_174' title='bbox 65 3391 171 3454; x_wconf 88' lang='lat' dir='ltr'><strong>officia</strong></span> <span class='ocrx_word' id='word_1_175' title='bbox 205 3390 354 3466; x_wconf 79' lang='lat' dir='ltr'><strong>vivendi,</strong></span> <span class='ocrx_word' id='word_1_176' title='bbox 398 3389 586 3454; x_wconf 90' lang='lat' dir='ltr'><strong>Panaetium</strong></span> <span class='ocrx_word' id='word_1_177' title='bbox 618 3388 764 3454; x_wconf 92' lang='lat' dir='ltr'><strong>Stoicum</strong></span> <span class='ocrx_word' id='word_1_178' title='bbox 790 3402 951 3455; x_wconf 89' lang='lat' dir='ltr'><strong>secutum.</strong></span> <span class='ocrx_word' id='word_1_179' title='bbox 1005 3387 1072 3453; x_wconf 88' lang='lat' dir='ltr'><strong>Nec</strong></span> 
     </span>
     <span class='ocr_line' id='line_1_27' title="bbox 66 3505 1072 3593; baseline -0.002 -21"><span class='ocrx_word' id='word_1_180' title='bbox 66 3521 199 3572; x_wconf 87' lang='lat' dir='ltr'><strong>tantum</strong></span> <span class='ocrx_word' id='word_1_181' title='bbox 220 3507 439 3584; x_wconf 88' lang='lat' dir='ltr'><strong>Academicos,</strong></span> <span class='ocrx_word' id='word_1_182' title='bbox 462 3508 626 3572; x_wconf 89' lang='lat' dir='ltr'><strong>sedetiam</strong></span> <span class='ocrx_word' id='word_1_183' title='bbox 646 3505 767 3572; x_wconf 89' lang='lat' dir='ltr'><strong>Stoicos</strong></span> <span class='ocrx_word' id='word_1_184' title='bbox 790 3507 973 3593; x_wconf 74' lang='lat' dir='ltr'><strong>cognovisse</strong></span> <span class='ocrx_word' id='word_1_185' title='bbox 984 3527 1072 3585; x_wconf 90' lang='lat' dir='ltr'><strong>eum,</strong></span> 
     </span>
    </p>
   </div>
   <div class='ocr_carea' id='block_1_3' title="bbox 69 3601 1075 3725">
    <p class='ocr_par' dir='ltr' id='par_1_3' title="bbox 69 3601 1075 3725">
     <span class='ocr_line' id='line_1_28' title="bbox 69 3601 1075 3725; baseline -0.001 -33"><span class='ocrx_word' id='word_1_186' title='bbox 69 3630 170 3714; x_wconf 91' lang='lat' dir='ltr'><strong>quin,</strong></span> <span class='ocrx_word' id='word_1_187' title='bbox 205 3651 271 3712; x_wconf 91' lang='lat' dir='ltr'><strong>qna</strong></span> <span class='ocrx_word' id='word_1_188' title='bbox 299 3617 535 3711; x_wconf 86' lang='lat' dir='ltr'><strong>late&#39;petebat,</strong></span> <span class='ocrx_word' id='word_1_189' title='bbox 558 3601 796 3725; x_wconf 88' lang='lat' dir='ltr'><strong>philosophiam</strong></span> <span class='ocrx_word' id='word_1_190' title='bbox 818 3627 978 3692; x_wconf 88' lang='lat' dir='ltr'><strong>Graecam</strong></span> <span class='ocrx_word' id='word_1_191' title='bbox 993 3649 1075 3711; x_wconf 88' lang='lat' dir='ltr'><strong>per·</strong></span> 
     </span>
    </p>
   </div>
   <div class='ocr_carea' id='block_1_4' title="bbox 70 3746 1075 3949">
    <p class='ocr_par' dir='ltr' id='par_1_4' title="bbox 70 3746 1075 3949">
     <span class='ocr_line' id='line_1_29' title="bbox 70 3746 1075 3832; baseline -0.002 -19"><span class='ocrx_word' id='word_1_192' title='bbox 70 3750 188 3832; x_wconf 89' lang='lat' dir='ltr'><strong>cepisse</strong></span> <span class='ocrx_word' id='word_1_193' title='bbox 221 3748 373 3827; x_wconf 86' lang='lat' dir='ltr'><strong>credibile</strong></span> <span class='ocrx_word' id='word_1_194' title='bbox 393 3761 449 3811; x_wconf 89' lang='lat' dir='ltr'><strong>est.</strong></span> <span class='ocrx_word' id='word_1_195' title='bbox 496 3746 561 3831; x_wconf 88' lang='lat' dir='ltr'><strong>Qui</strong></span> <span class='ocrx_word' id='word_1_196' title='bbox 584 3747 649 3812; x_wconf 88' lang='lat' dir='ltr'><strong>sive</strong></span> <span class='ocrx_word' id='word_1_197' title='bbox 668 3747 858 3811; x_wconf 88' lang='lat' dir='ltr'><strong>Panaetium</strong></span> <span class='ocrx_word' id='word_1_198' title='bbox 881 3746 989 3830; x_wconf 90' lang='lat' dir='ltr'><strong>ipsum</strong></span> <span class='ocrx_word' id='word_1_199' title='bbox 1012 3769 1075 3812; x_wconf 90' lang='lat' dir='ltr'><strong>au-</strong></span> 
     </span>
     <span class='ocr_line' id='line_1_30' title="bbox 70 3863 1074 3949; baseline -0.002 -20"><span class='ocrx_word' id='word_1_200' title='bbox 70 3866 169 3942; x_wconf 82' lang='lat' dir='ltr'><strong>divit,</strong></span> <span class='ocrx_word' id='word_1_201' title='bbox 203 3866 269 3930; x_wconf 80' lang='lat' dir='ltr'><strong>sive</strong></span> <span class='ocrx_word' id='word_1_202' title='bbox 302 3888 360 3948; x_wconf 86' lang='lat' dir='ltr'><strong>per</strong></span> <span class='ocrx_word' id='word_1_203' title='bbox 384 3863 568 3949; x_wconf 86' lang='lat' dir='ltr'><strong>Scipionem</strong></span> <span class='ocrx_word' id='word_1_204' title='bbox 591 3865 626 3928; x_wconf 90' lang='lat' dir='ltr'><strong>in</strong></span> <span class='ocrx_word' id='word_1_205' title='bbox 647 3866 713 3949; x_wconf 86' lang='lat' dir='ltr'><strong>ejus</strong></span> <span class='ocrx_word' id='word_1_206' title='bbox 738 3863 902 3933; x_wconf 87' lang='lat' dir='ltr'><strong>doctrinae</strong></span> <span class='ocrx_word' id='word_1_207' title='bbox 924 3863 1074 3938; x_wconf 88' lang='lat' dir='ltr'><strong>notitiam</strong></span> 
     </span>
    </p>
   </div>
   <div class='ocr_carea' id='block_1_5' title="bbox 74 4045 348 4057">
    <p class='ocr_par' dir='ltr' id='par_1_5' title="bbox 74 4045 348 4057">
     <span class='ocr_line' id='line_1_31' title="bbox 74 4045 348 4057; baseline 0 -1"><span class='ocrx_word' id='word_1_208' title='bbox 74 4045 348 4057; x_wconf 71' lang='lat'><strong>-—————---——-</strong></span> 
     </span>
    </p>
   </div>
   <div class='ocr_carea' id='block_1_6' title="bbox 108 4153 437 4219">
    <p class='ocr_par' dir='ltr' id='par_1_6' title="bbox 108 4153 437 4219">
     <span class='ocr_line' id='line_1_32' title="bbox 108 4153 437 4219; baseline 0.003 -14"><span class='ocrx_word' id='word_1_209' title='bbox 108 4171 117 4205; x_wconf 83' lang='lat' dir='ltr'><strong>t</strong></span> <span class='ocrx_word' id='word_1_210' title='bbox 156 4157 232 4204; x_wconf 80' lang='lat' dir='ltr'><strong>Iusl.</strong></span> <span class='ocrx_word' id='word_1_211' title='bbox 251 4155 317 4219; x_wconf 84' lang='lat' dir='ltr'><strong>Div.</strong></span> <span class='ocrx_word' id='word_1_212' title='bbox 336 4153 391 4219; x_wconf 87' lang='lat' dir='ltr'><strong>Vl,</strong></span> <span class='ocrx_word' id='word_1_213' title='bbox 411 4157 437 4206; x_wconf 81' lang='lat'><strong>5.</strong></span> 
     </span>
    </p>
   </div>
   <div class='ocr_carea' id='block_1_7' title="bbox 0 0 1318 4756">
    <p class='ocr_par' dir='ltr' id='par_1_7' title="bbox 0 0 1318 4756">
     <span class='ocr_line' id='line_1_33' title="bbox 0 0 1318 4756; baseline 0 0"><span class='ocrx_word' id='word_1_214' title='bbox 0 0 1318 4756; x_wconf 95' lang='lat' dir='ltr'><strong> </strong></span> 
     </span>
    </p>
   </div>
  </div>
 </body>
</html>
