2580 4756
692 377 734 438 70

213 559 286 624 Scio
319 556 412 621 aliter
435 557 513 618 haec
540 551 766 636 interpretatos
790 555 960 640 nonnullos
986 574 1062 620 esse.
1085 552 1213 622 Verum

213 674 373 762 quidquid
400 671 437 737 in
462 694 549 736 secus
578 671 746 736 sentientes
777 669 807 736 J.
831 671 976 736 Dousa
1000 675 1214 754 declamavit,

212 807 328 878 putans
348 793 506 856 melioris
523 811 584 875 pro
592 790 835 879 generosioris,
858 790 1048 855 nobilioris
1059 791 1214 876 positum,

129 995 135 1006 ι
213 926 246 977 et
267 913 308 977 ad
328 933 427 998 genus
454 932 492 974 ac
514 912 633 973 natales
661 911 801 972 referens
816 907 852 984 1,
883 929 950 972 non
973 930 1112 976 moveor
1133 913 1212 1001 quin

192 1056 195 1067 ·
215 1031 298 1096 vitae
315 1028 524 1112 probitatem,
547 1027 743 1111 aequitatem
765 1037 797 1090 et
821 1023 1034 1092 constantiam
1052 1028 1216 1116 significa·

214 1149 245 1213 ri
265 1145 415 1212 arbitrer.
461 1145 557 1230 Quod
584 1145 610 1209 si
628 1144 700 1228 quis
720 1142 763 1208 sit
779 1145 836 1229 qui
856 1145 1070 1211 temerarium
1082 1161 1214 1225 statuat,

215 1267 444 1350 subaequalem
476 1260 594 1327 Lucilii
641 1282 789 1326 memoro
821 1260 1035 1341 Lucretium,
1068 1267 1216 1334 similiter

217 1386 389 1468 minusque
410 1381 564 1467 ambigue
584 1380 797 1445 scribentem:

261 1502 414 1567 Lumina
447 1504 499 1565 sis
522 1501 632 1564 oculis
658 1502 765 1564 etiam
788 1499 893 1564 bonus
915 1497 1024 1565 Aoeu’
1048 1505 1215 1594 reliquit,

263 1621 336 1709 Qui
346 1621 471 1684 melior
482 1619 608 1683 moltis
619 1640 723 1705 quom
735 1630 784 1694 tu,
797 1617 883 1698 fuit,
897 1621 1060 1706 improbe,
1075 1624 1178 1710 rebus
1189 1624 1215 1692 ².

217 1739 296 1806 Fuit
323 1739 426 1827 igitur
448 1737 499 1805 vir
522 1739 636 1813 bouus,
658 1735 786 1802 virtutis
808 1741 958 1803 colendae
982 1746 1219 1810 commendan-

210 1864 342 1944 ,daeque
365 1858 545 1936 studiosus,
567 1856 604 1921 in
620 1859 798 1941 eodemque
816 1855 924 1922 studio
936 1860 1219 1930 constantissimus.

216 1977 312 2062 v(luae
334 1980 400 2041 laus
433 1999 509 2041 cum
540 1978 644 2060 major
670 1996 734 2040 esse
756 1978 876 2052 soleat,
901 1975 1031 2061 siquis,
1053 1975 1220 2047 civitatem

219 2109 354 2170 nactus,
379 2116 461 2178 quae
472 2094 614 2177 priscam
637 2114 770 2157 morum
789 2093 958 2159 sanitatem
979 2117 1046 2161 non
1070 2086 1220 2184 amplius,

221 2236 287 2298 qua
330 2213 473 2288 solebat,
513 2211 693 2276 reverentia
726 2212 951 2298 prosequitur,
986 2216 1116 2283 fortiter
1152 2226 1222 2286 eam

221 2343 352 2398 tueatur
388 2329 471 2395 vitae
506 2331 655 2412 exemplo
679 2328 926 2417 immunemque
943 2355 975 2397 se
998 2335 1040 2398 ab
1062 2338 1132 2403 aevi
1152 2339 1223 2404 labe

222 2461 384 2534 praestare
411 2450 559 2525 studeat,
596 2467 711 2530 operae
734 2447 876 2531 pretium
899 2451 982 2529 erit,
1001 2455 1135 2533 aetatis,
1159 2479 1224 2542 qua

221 2568 332 2637 floruit
351 2567 514 2647 Lucilius,
536 2567 645 2652 paucis
668 2565 844 2655 imaginem
860 2569 1067 2640 adumbrare.

268 2687 480 2753 Memorabile
514 2700 561 2752 est
588 2686 751 2765 maxime,
787 2690 876 2773 quod
910 2693 1001 2773 apud¹
1030 2689 1225 2759 Ciceronem

224 2819 293 2883 est,
314 2808 413 2872 Laelii
423 2809 576 2872 allatum:
603 2806 703 2873 «Etsi
720 2806 834 2884 nobis,
853 2808 908 2885 ait,
933 2810 990 2894 qui
1004 2810 1038 2874 id
1049 2813 1163 2877 aetatis
1170 2835 1228 2878 su-

225 2947 318 3000 mus,
350 2925 538 3010 evigilatum
566 2927 632 2987 fere
660 2937 720 3000 est,
754 2937 866 2988 tamen
898 2927 938 2990 de
958 2928 1091 3010 posteris
1111 2930 1229 2996 nostris

229 3057 262 3106 et
296 3044 336 3106 de
370 3042 425 3108 illa
456 3042 701 3107 immortalitate
728 3043 922 3126 reipublicae
945 3046 1120 3126 sollicitor;
1146 3070 1229 3134 quae

226 3173 354 3247 poterat
378 3182 441 3224 esse
463 3172 641 3245 perpetua,
660 3159 686 3223 si
707 3161 816 3243 patriis
834 3163 995 3229 viveretur
1021 3165 1177 3232 institutis
1197 3181 1230 3234 et

227 3280 372 3347 moribus
384 3279 410 3344 3.
424 3298 442 3340 »
489 3278 529 3342 ln
547 3300 629 3362 quae
649 3279 747 3344 verba
771 3281 894 3365 quoties
913 3283 1039 3360 incido,
1062 3284 1158 3351 toties
1174 3309 1229 3352 me

227 3400 331 3485 tangit
358 3421 395 3463 ac
422 3409 510 3462 tenet
528 3396 709 3480 praedicata
730 3398 785 3464 illa
807 3422 913 3486 neque
935 3402 1070 3466 aLaelii
1093 3426 1230 3487 persona

227 3517 331 3581 aliena
349 3519 389 3584 de
408 3514 603 3599 reipublicae
623 3515 789 3583 Romanae
810 3519 1054 3584 immortalitate
1075 3522 1231 3588 sollicitum

228 3637 280 3700 do.
325 3633 409 3701 Nam
445 3634 606 3701 verissime
633 3635 766 3724 quidem
797 3659 835 3704 eo
858 3652 1006 3724 tempore
1027 3641 1172 3732 ¹Romani
1195 3642 1229 3706 in

230 3837 486 3856 ...Ι-ι*-

265 3965 276 4000 ι
314 3951 398 4002 Hor.
420 3951 503 4018 Cruq.
519 3967 548 4016 p.
565 3951 627 4007 684.

261 4064 277 4097 2
312 4045 619 4110 DeNot.lll,1058.

262 4143 278 4194 5
312 4146 356 4196 De
373 4146 443 4214 Περ.
464 4143 521 4208 ill,
542 4161 583 4215 ¹9·
