2580 4756
602 331 665 396 249

132 505 292 588 pudiabat
309 506 408 568 istum
432 527 559 570 morem
585 507 716 590 Scipio,
737 511 826 572 domi
851 511 993 594 lorisque
1008 511 1146 572 eandem

133 615 379 706 simplicitatem
403 637 435 688 et
455 625 690 689 amabilitatem
713 639 806 690 tuens
818 628 845 691 1.

180 738 338 804 Ceterum
357 762 434 805 vero
443 764 509 805 non
519 743 659 807 dubium
671 788 680 820 ,
691 745 772 827 quin
782 757 912 826 praeter
924 742 1144 831 Scipionis

133 860 304 921 virtutem
328 860 489 924 celebrata
507 861 688 944 quoqueeb
701 882 740 923 eo
750 861 792 924 sit
803 864 907 925 mitis
919 858 1045 924 Laeli
1052 865 1068 924 ι’
1085 884 1148 924 sa-

132 978 284 1062 pientia.
308 976 392 1040 Nem
412 980 595 1042 amicorum
610 1000 671 1060 par
687 979 768 1042 illud
781 983 888 1043 fuerat
901 979 1046 1042 maxime
1055 980 1157 1042 illus-.-

136 1106 187 1158 tre
201 1108 301 1178 etque
315 1095 527 1170 admirabile,
542 1099 637 1178 quale
650 1097 854 1160 adolescentis
867 1097 983 1160 Lucilii
996 1097 1158 1159 animum:

136 1225 271 1298 tongere
286 1225 320 1278 et
339 1234 471 1277 movere
492 1226 525 1276 et
535 1213 662 1298 erigere
673 1214 849 1289 debuerat,
862 1214 931 1276 imo
942 1214 1148 1277 inflammare
1171 1260 1173 1265 .

137 1330 267 1394 virtutis
292 1331 482 1412 honestique
495 1350 637 1405 emore,
662 1331 706 1393 ite
730 1346 766 1393 ut
789 1329 914 1415 insigne
937 1331 1148 1415 pietatisgra-

138 1449 230 1530 tique
251 1448 365 1510 <enimi
386 1461 639 1511 monumentum
662 1450 836 1512 condidisse
860 1450 1012 1514 dicendus
1037 1450 1079 1512 sit
1102 1470 1151 1512 u-

138 1563 304 1647 surpandi
338 1565 615 1650 propagandique
642 1587 757 1630 eorum
791 1567 939 1632 virorum
964 1568 1149 1643 memorii,

140 1683 197 1767 qui
217 1682 284 1746 sibi
299 1681 407 1764 ipsum
425 1683 661 1748 benivolentiae
683 1685 867 1768 amorisque
880 1685 1068 1748 testimoniis
1082 1705 1152 1748 om·

140 1799 177 1863 ni
206 1799 331 1864 ratione
359 1800 596 1877 detinuissent,
631 1822 841 1886 quorumque
874 1805 956 1865 alter
977 1820 1152 1866 commen-

141 1919 211 1983 deri
231 1917 306 1982 satis
322 1918 420 2004 digne
440 1919 507 1981 sine
528 1922 630 1982 altero
652 1941 719 1982 non
742 1920 905 2002 potuisset.
953 1918 1074 2003 Quodsi
1100 1919 1154 1982 illa

142 2035 412 2112 meminerimus,
438 2057 522 2119 quae
546 2058 564 2099 e
586 2033 742 2101 Cicerone
765 2039 805 2100 de
818 2035 929 2100 Laelio
943 2035 1085 2100 Gallonii
1098 2036 1154 2100 in-

143 2167 296 2237 crepante
315 2153 499 2240 ingluviem
520 2151 827 2232 memoravimusss,
857 2157 927 2238 jem
948 2174 1014 2222 non
1036 2154 1151 2221 obsce*

119 2309 122 2315 -
143 2293 220 2335 rum
242 2272 326 2348 erit,
347 2274 414 2356 ejus
428 2293 560 2357 quoque
575 2273 748 2336 disserendi
760 2286 867 2356 partes
880 2274 1036 2357 quasdam
1049 2274 1154 2339 ftdsset

144 2389 312 2454 Praeterea
343 2390 567 2473 suspicemur,
590 2389 895 2456 verbis'Ciceronis:
918 2415 937 2456 <s
950 2411 1017 2454 non
1040 2384 1156 2453 ille-³·L

144 2507 270 2573 Laelius
293 2526 333 2572 eo
352 2509 457 2572 dictus
478 2521 527 2572 est
550 2512 822 2595 sopiens‚1quod
845 2500 1154 2592 non³intelligeret,

99 2639 110 2665 t
143 2627 223 2711 quid
245 2625 471 2691 suavissimum
493 2639 573 2690 esset
597 2626 670 2714 (nec
692 2624 782 2691 enim
798 2626 963 2710 sequitur,
976 2637 1016 2687 ut
1029 2624 1081 2687 cui
1100 2644 1156 2687 cos

144 2746 269 2828 sapiet,
293 2745 322 2808 ei
340 2764 407 2808 uon
421 2739 711 2830 sepiatpelatum),
728 2747 784 2809 sed
796 2742 873 2828 quie
892 2742 985 2825 parvi
1006 2741 1158 2804 idduce·

144 2876 195 2928 ret
203 2879 220 2923 u
247 2862 326 2926 effici
343 2880 453 2945 posse,
475 2861 641 2926 Lucilium
661 2862 840 2927 festivitatis
857 2874 933 2924 suae
946 2878 1039 2923 more
1051 2859 1158 2933 lusisse

137 2981 180 3043 ,in
196 2980 252 3042 illa
275 2979 395 3061 duplici
416 2982 611 3066 supientiae
633 2981 787 3056 notione,
813 2992 846 3043 et
867 2978 1016 3043 Laelium
1029 2976 1070 3040 ab
1083 2997 1160 3039 om-

146 3098 180 3179 ui
205 3109 298 3181 parte
317 3097 497 3180 sapientem
518 3119 702 3183 proponere
717 3096 900 3166 instituisse.
926 3093 1024 3179 Quod
1047 3107 1159 3157 nutem

147 3237 185 3279 eo
207 3212 279 3280 loco
301 3215 512 3303 distinguitur
535 3218 682 3283 libenter
702 3242 841 3283 cesssare
854 3230 886 3281 et
899 3213 1160 3289 lassesceret,

181 3392 194 3434 t
233 3383 340 3432 Fron
353 3391 375 3432 t.
398 3383 520 3446 Strateg.
541 3371 596 3438 IV,
615 3375 643 3437 5,
663 3393 690 3444 9.
709 3377 901 3428 Aemilianum
922 3379 1079 3447 Scipionem
1095 3385 1161 3428 tra-

147 3479 228 3529 ditur
245 3479 274 3528 in
292 3479 394 3528 itinere
413 3493 474 3526 cum
491 3473 590 3524 amicis
607 3470 820 3536 ambulantem,
843 3473 958 3541 accepis
974 3490 1065 3540 pane,
1085 3475 1161 3525 vesei

150 3575 277 3627 solitum.
295 3595 330 3614 ⁴·—
349 3573 398 3624 Pl
404 3581 452 3624 ut.
470 3571 498 3624 V
498 3571 533 3622 it.
548 3569 594 3620 Ti.
611 3570 714 3620 (ir-21.
740 3572 850 3624 Σκιπίων,
865 3573 875 3615 ὃ
888 3567 1063 3627 ’uocauerunt
1078 3569 1163 3616 snat«.

148 3673 249 3730 ‘ruputas
263 3671 348 3728 uniisse
368 3669 504 3726 δικαιότερον
522 3666 578 3724 tatii
597 3671 685 3724 μᾶλλον
698 3665 825 3722 ἀγαπῆσαι.

182 3775 199 3810 2
233 3775 262 3824 p.
285 3756 348 3811 22⁵.

182 3854 199 3904 3
234 3852 392 3921 Xenopls.
409 3853 492 3902 Mem.
507 3845 601 3915 1,5‚5
619 3849 670 3915 (cf,
686 3845 714 3911 6,
730 3847 757 3915 2)
778 3845 1165 3899 Socrslcmdicittsntum

148 3950 204 4002 cibi
224 3950 361 4013 sumsisse,
386 3955 520 4017 quantum
531 3946 565 3996 ed
581 3945 646 3998 tite,
664 3942 831 3997 coenandum
843 3943 988 3996 sufficeret.
1006 3942 1163 3995 Discrimen

149 4056 251 4112 sulem,
275 4045 474 4117 quod-indicet
491 4043 618 4106 Laelius,
644 4046 679 4095 ub
699 4041 892 4109 Epicureis
911 4049 938 4093 et
956 4041 1096 4096 Stoicis
1114 4057 1163 4091 re·
