2580 4756
688 400 750 462 142

215 579 343 655 Ennio,
380 578 507 642 Lucilio
541 590 574 641 et
606 577 773 652 Varrone,
811 597 892 662 quos
922 591 1049 642 constat
1071 579 1230 662 scripsisse

212 698 347 773 satiras,
369 697 603 780 praestantiora
616 697 761 760 carmina
782 696 933 782 elegisse,
957 719 1061 783 eaque
1079 701 1226 776 sortasse,

213 813 416 900 antiquitatis
443 816 551 902 rigore
576 815 788 900 sordibusque
821 815 990 894 abstersis,
1015 831 1049 882 et
1075 820 1227 883 emenda·

215 934 298 998 tiore
333 947 366 998 et
402 935 598 1021 elegantiora
629 933 760 998 edidisse
788 934 961 999 statuimus
974 933 1000 1000 ¹.
1047 933 1227 1020 Comparat

215 1072 293 1114 eum
309 1072 386 1115 cum
405 1051 621 1116 existimatore
642 1063 674 1114 et
694 1052 901 1115 emendatore
912 1049 1056 1129 Catone,
1070 1065 1227 1138 tanquam

215 1171 329 1233 eodem
354 1189 492 1233 munere
523 1172 687 1234 sunctum.
733 1167 824 1253 Quae
854 1170 1004 1255 quamvis
1038 1171 1086 1236 ita
1116 1171 1226 1255 conjici

215 1310 253 1353 ac
284 1287 442 1371 disputari
475 1288 619 1370 possint,
651 1299 763 1351 tamen
791 1287 874 1351 nihil
903 1288 1030 1368 obstat,
1054 1291 1226 1374 quominus

215 1407 416 1472 vindicemus
439 1405 527 1470 lulio
542 1404 569 1469 F
570 1408 640 1471 loro
657 1404 691 1468 in
702 1405 1099 1490 satirarumscriptoribus
1109 1401 1225 1473 locum.

217 1523 307 1589 Nam·
338 1526 405 1608 ipse
435 1525 648 1607 composuisse
666 1527 822 1608 quasdam
843 1547 914 1589 suas
935 1526 1089 1604 videtur,
1113 1528 1224 1613 quibus

213 1645 293 1709 alias
330 1666 370 1709 ex
403 1645 507 1708 alieno
537 1647 627 1707 fonte
650 1646 776 1706 haustas
794 1656 826 1707 ct
843 1646 884 1708 ad
908 1643 1030 1732 ingenii
1056 1646 1223 1711 arbitrium

210 1764 333 1828 effictas
352 1776 385 1826 et
410 1763 614 1827 concinnatas
638 1763 764 1846 adjecit.

262 1882 517 1948 Commentariis
538 1880 655 1946 Lucilii
679 1882 854 1946 lectionem
874 1883 944 1966 jam
968 1884 1150 1968 antiquitus
1171 1887 1223 1950 ad·

215 2005 324 2087 jutam
353 2024 434 2078 esse,
469 2014 583 2085 sponte
600 2000 802 2086 intelligitur.
850 2001 1003 2087 Legendo
1026 2002 1118 2066 enim
1140 2025 1223 2068 com-

211 2123 460 2205 mentandoque
492 2120 700 2206 grammatici
737 2119 959 2203 antiquissima
987 2121 1137 2186 carmina
1156 2135 1223 2187 nota

218 2243 375 2303 lecerunt.
421 2237 518 2322 Quod
553 2239 796 2302 commentandi
829 2260 950 2303 munus
985 2239 1060 2305 licet
1083 2241 1223 2324 primum

221 2360 348 2448 linguei
369 2378 434 2421 non
446 2360 578 2444 scripto
590 2370 775 2439 susceptum
793 2358 887 2421 fuisse
904 2356 1057 2422 videatur
1068 2358 1086 2409 ²
1098 2406 1109 2437 ,
1120 2373 1222 2424 tamen

209 2478 327 2545 Curtii
359 2477 468 2542 Niciae
497 2478 595 2541 libelli
620 2474 678 2562 qui
701 2491 951 2552 memorantur,
975 2477 1068 2543 brevi
1087 2482 1224 2566 vulgatas

211 2619 285 2663 -esse
312 2598 380 2662 illas
412 2597 579 2661 doctrinae
599 2595 704 2679 copias
727 2598 854 2660 docent.
901 2596 949 2659 Ac
968 2596 1043 2660 satis
1067 2618 1221 2684 magnum

218 2718 532 2785 commentariorum
561 2736 740 2779 numerum
758 2714 874 2790 fuisse,
898 2713 954 2798 qui
979 2714 1013 2777 in
1036 2715 1225 2780 illustrandis

184 2848 188 2855 ’
220 2836 337 2900 Lucilii
375 2835 573 2899 carminibus
601 2847 827 2909 versarentur,
858 2854 897 2896 ex
925 2833 1112 2898 testimonio
1139 2832 1226 2901 Gellii

218 2955 355 3018 efficitur
367 2954 394 3018 ³.
441 2955 490 3019 Ex
524 2954 584 3018 illis
611 2967 740 3030 autem,
765 2953 821 3037 qui
851 2953 937 3016 hanc
964 2973 1099 3035 operam
1120 2959 1226 3037 poetae

218 3073 363 3137 studiosis
389 3069 636 3156 praestiterunt,
660 3072 741 3157 quin
762 3071 924 3136 Sinnius
948 3070 1093 3155 Capito
1118 3073 1220 3147 fuerit,

219 3191 360 3255 dubitari
391 3213 457 3254 non
488 3203 605 3273 potest.
650 3190 700 3254 Aa
731 3191 785 3254 illa
803 3191 891 3253 enim
923 3191 1060 3253 Lucilii:
1085 3213 1225 3279 aequom

220 3334 349 3377 aarum
382 3324 454 3386 est,
491 3312 594 3373 auris
625 3309 715 3396 quod
742 3310 971 3374 vobemmtius
1007 3310 1120 3374 ambit
1154 3313 1226 3375 haec

210 3430 346 3496 Festus:
380 3429 478 3496 «Hoc
502 3451 595 3496 vorsu
620 3431 723 3494 Lucili
747 3429 922 3516 significari
943 3429 989 3492 ait
1014 3426 1145 3494 Sinnius
1168 3429 1227 3495 ca-

219 3581 496 3597 *u—n--n--n——u

255 3672 266 3711 ι
304 3659 400 3715 Poste.
417 3659 500 3709 Latt-
516 3674 543 3723 p.
563 3655 622 3711 566.
639 3658 823 3706 Datntzer
846 3656 898 3723 Op.
917 3653 938 3706 I.
956 3669 985 3721 p.
1005 3668 1050 3705 20.
1078 3655 1227 3706 Grdsze

222 3751 473 3825 op.1.1p.7es.

251 3868 269 3905 2
304 3850 349 3903 cf.
371 3852 581 3920 Soringar
600 3848 706 3903 Scholl.
725 3850 805 3898 Late.
827 3845 838 3896 Ι
859 3863 885 3912 p.
906 3845 949 3915 59.

265 3948 271 3975 ¹·
304 3948 358 4012 li,
377 3947 434 4012 24,
453 3948 480 4001 4.
499 3947 628 4002 «Fannii
647 3947 732 4015 legem
751 3941 876 3996 Lucilius
893 3946 976 4010 poeta
994 3945 1152 4012 significat,
1170 3961 1224 3996 cum

297 4062 307 4099 t
326 4045 435 4099 Fannii
453 4048 590 4098 centussis
608 4045 741 4096 misellos.
779 4045 811 4092 lu
830 4061 884 4110 quo
913 4049 1074 4094 erraverunt
1091 4042 1223 4111 quidum

294 4140 553 4197 neustriorum
573 4144 607 4193 in
628 4141 809 4195 Lucilium
829 4138 1050 4207 scriptores,
1079 4137 1153 4210 qued
1174 4156 1222 4206 po-

293 4248 421 4297 ἮΙΙῑ-οῑ
