2580 4756
677 379 739 440 138

223 560 312 623 dorni
337 579 412 622 suae
438 557 593 640 privatim
622 556 804 619 instituisse.
852 555 947 621 Unde
968 556 1062 621 facile
1082 556 1234 640 perspici-

223 691 300 751 tur,
324 674 425 739 alium
449 674 668 756 interpretum
694 673 728 735 in
749 671 923 749 Ennianis,
947 674 1050 738 alium
1063 673 1235 763 inqLucili-

223 793 291 857 anis
336 791 540 878 divulgandis
575 805 609 854 et
640 790 840 854 celebrandis
875 811 1004 855 morem
1043 790 1233 882 obtinuisse,

223 932 329 996 quum
355 911 410 974 illa
428 909 570 996 publice
590 909 625 973 in
642 930 764 995 magna
781 908 965 993 frequentia
977 911 1233 992 pronunciaren-

224 1043 301 1105 tur,
322 1031 401 1092 haec
419 1050 531 1094 coram
545 1029 656 1111 paucis
668 1027 881 1092 familiaribus
894 1030 1044 1113 privata
1065 1049 1235 1093 commen·

223 1148 347 1213 tatione
379 1160 629 1231 exponerentur.
675 1144 788 1231 Neque
815 1147 904 1210 enirn
936 1147 1102 1223 dubium,
1139 1148 1233 1232 quin,

223 1270 312 1353 quod
350 1280 424 1331 ante
460 1265 650 1349 conjectura
684 1266 928 1331 emendavimus
941 1266 976 1344 ¹,
1021 1268 1233 1345 confirmetur

223 1385 408 1453 testimonio
435 1384 618 1467 scriptoris:
653 1409 670 1450 a
685 1406 763 1469 quas
797 1384 929 1464 (Lucilii
955 1382 1091 1472 satyras)
1128 1387 1233 1472 legisse

220 1525 255 1573 se
271 1505 362 1587 apud
380 1502 579 1568 Archelaum
602 1501 780 1587 Pompejus¹
796 1503 956 1581 Lenaeus,
981 1505 1071 1588 apud
1090 1504 1233 1570 Philoco-

222 1643 320 1687 mum
350 1621 497 1688 Valerius
531 1621 613 1688 Cato
644 1622 875 1706 praedicant.»
923 1621 990 1709 Qui
1010 1622 1101 1707 prius
1122 1626 1232 1689 lauda·

124 1832 126 1836 y
211 1754 299 1819 tur,
331 1742 531 1819 Lenaeus,
567 1740 714 1826 PompeJ’i
740 1740 852 1828 Magni
874 1742 1010 1807 libertus
1030 1755 1064 1806 et
1084 1745 1232 1808 omnium

223 1861 466 1945 expeditionum
490 1882 597 1926 comes
618 1860 720 1926 fuist.
766 1860 892 1926 Mirum
916 1861 1008 1926 nobis
1025 1883 1094 1926 non
1106 1863 1228 1937 accidit,

224 1979 338 2043 Lucilii
362 2001 440 2044 eum
462 1979 587 2065 legendi
607 1978 790 2045 studiosum
808 1979 983 2056 exstitisse,
1007 2002 1110 2064 quem
1124 1994 1231 2064 patro-

222 2098 256 2160 ni
288 2097 336 2160 sui
366 2118 526 2182 magnum
560 2101 761 2162 avunculum
789 2097 884 2162 fuisse
913 2099 1125 2184 cognovisset.
1152 2101 1230 2177 ,Ae-

216 2217 366 2283 mulatus
389 2235 520 2299 quoque
542 2229 616 2297 post
639 2215 784 2300 Pompeji
802 2229 946 2281 mortem
968 2217 1144 2302 antiquum
1157 2222 1230 2302 poe'-

227 2347 297 2399 tam
337 2333 484 2411 ridetur;
520 2355 600 2396 nam
623 2331 815 2398 Sallustium
853 2334 1082 2413 acerbissima
1114 2349 1230 2423 satyra

217 2454 327 2519 ¹fertur
349 2450 552 2528 laceravisse,
574 2450 677 2536 iisque
704 2473 776 2516 usus
797 2454 897 2532 estin
920 2475 998 2518 eum
1007 2455 1134 2533 verbis,
1156 2476 1231 2541 quae

223 2569 392 2636 Luciliano
427 2571 649 2655 comperimus
662 2571 689 2636 3.
736 2569 824 2636 Cum
850 2592 888 2636 eo
916 2573 1129 2659 conjungitur
1162 2588 1231 2639 tan·

213 2711 323 2776 ,quam
347 2689 532 2773 disciplinae
550 2690 653 2755 socius
677 2687 865 2756 Valerius
890 2687 988 2757 Cato
1011 2690 1125 2757 Gallus
1142 2698 1231 2777 poe'ta

223 2808 289 2892 ipse
324 2822 356 2873 et
379 2809 614 2895 grammaticus
643 2807 852 2885 notissimus,
876 2809 933 2894 qui
950 2810 1144 2892 peridoneus
1155 2812 1231 2878 visus

224 2940 271 2991 est
291 2941 501 3010 praeceptor,
523 2927 667 2992 maxime
677 2929 718 2992 ad
729 2927 893 3010 poeticam
907 2930 1126 2997 tendentibus.
1153 2931 1250 2996 Huic·

222 3066 354 3108 summa
376 3043 605 3128 probabilitate
629 3044 829 3109 vindicatum
853 3045 946 3110 video
965 3067 1046 3128 opus
1067 3051 1108 3113 de
1119 3049 1230 3114 verba-

222 3185 302 3226 rum
339 3161 577 3248 defferentiis,
602 3164 691 3246 quod
716 3163 847 3228 alienius
877 3187 954 3243 sane
981 3167 1044 3231 fuit
1069 3166 1229 3244 aCatonis

210 3282 316 3366 ,prisci
333 3282 444 3347 studiis
467 3296 500 3347 et
522 3303 675 3365 persona,
699 3296 871 3366 propterea
887 3300 1005 3359 ¹autem
1028 3285 1086 3352 hic
1104 3310 1229 3361 memo-

220 3403 383 3478 randum,
415 3402 503 3486 quod
531 3400 648 3465 Lucilii
677 3406 827 3485 exemplo
861 3418 970 3468 motus
1004 3406 1087 3473 illud
1108 3408 1227 3472 videtur

221 3520 379 3603 scripsisse
389 3519 416 3586 4.
463 3521 580 3585 Procul
612 3520 712 3585 dubio
743 3521 829 3584 idem
862 3523 916 3588 hio
939 3521 1020 3588 Cato
1041 3537 1109 3601 est,
1135 3547 1226 3611 quem

258 3731 270 3766 1
304 3711 489 3794 'Sup.p.47.

255 3831 271 3865 2
306 3814 351 3864 De
368 3812 420 3864 Ill·
442 3818 488 3866 Gr.
508 3812 549 3865 15.

255 3909 272 3958 5
307 3907 524 3974 Lurconem,
543 3910 756 3964 nebulonem
774 3911 1057 3980 popinonemquc
1076 3913 1224 3981 appellarit.

221 4006 427 4085 Cli-Lucil.
445 4007 614 4075 Fnlflo,
636 4005 692 4071 lv,
712 4026 738 4078 9.
759 4005 896 4070 xlv‚3‚
919 4007 1044 4080 XX‚7.

511 4100 521 4120 ¹
551 4108 595 4159 '·1.
625 4104 678 4177 Cli·
696 4106 851 4158 Lersclr
869 4104 898 4157 in
917 4108 1054 4162 zeitschr.
1069 4107 1223 4180 flAllerlh.

603 4184 657 4257 lar.
675 4200 820 4267 xxxix,
839 4204 855 4254 a
873 4221 904 4271 p.
922 4204 999 4274 1764.
