2580 4756
608 347 673 406 280

137 540 259 590 constet
272 527 298 602 ¹,
322 527 493 606 eidemque
511 524 626 586 satirae
638 537 804 603 opponens
819 519 1024 582 Lucilianarn
1034 563 1043 595 ,
1055 521 1131 602 quod

138 665 270 707 carmen
298 643 393 706 fuisse
422 641 500 704 dicit
532 640 629 722 ipsius
659 640 863 726 argumenti
891 637 1045 701 varietate
1065 636 1133 699 nris·

137 764 257 825 cellum
289 781 413 843 perque
445 779 578 822 omnem
598 758 681 822 vitae
705 760 868 820 humanae
892 756 1084 840 farraginem
1102 755 1136 815 li·

137 892 247 942 center
272 901 393 964 vagum
406 877 445 952 ²,
480 877 596 939 dubito
628 898 671 939 an
697 878 846 938 accurate
880 873 1053 938 discrimen
1084 892 1131 934 no-

136 997 271 1074 taverit,
306 998 394 1079 quod
427 994 614 1057 Ennianum
649 994 733 1055 inter
751 1004 783 1055 et
808 992 1016 1054 Lucilianum
1033 991 1129 1053 satiras

136 1135 235 1198 genus
253 1112 475 1176 intercesserit.
523 1108 620 1193 Quod
640 1122 677 1172 ut
695 1111 789 1193 plene
811 1111 1017 1184 declaretur,
1040 1129 1128 1171 naca-

136 1254 169 1296 se
191 1245 238 1295 est
258 1236 454 1316 podmotum
478 1248 610 1312 quoque
629 1229 818 1291 varietatem
838 1229 1053 1290 attendamus.
1074 1224 1127 1288 llo-

135 1349 205 1410 nius
234 1348 350 1419 tradit,
384 1350 504 1427 poe'ma
532 1366 596 1408 esse
621 1345 843 1408 inventionem
871 1365 1028 1426 parvam,
1061 1363 1125 1426 quae

81 1508 84 1512 -
137 1465 245 1545 paucis
278 1462 382 1527 verbis
404 1463 585 1544 expeditur.
612 1462 816 1529 ¹Istiusmodi
840 1461 1074 1525 inventionibus
1092 1460 1125 1522 si·

136 1603 174 1644 re
196 1581 333 1656 lusibus,
359 1582 457 1643 modo
479 1579 681 1643 brevioribus
705 1581 806 1642 modo
827 1578 1043 1664 longioribus,
1071 1597 1123 1640 mo

136 1703 178 1762 do
197 1700 284 1762 seriis
307 1701 406 1761 modo
425 1697 561 1781 jocosis,
584 1699 683 1760 modo
699 1697 853 1782 gravibus
877 1699 978 1760 modo
999 1695 1122 1761 scurrili·

139 1817 221 1890 bus,
251 1819 350 1880 modo
374 1819 415 1879 ad
433 1817 632 1879 laudandum
657 1816 756 1877 modo
777 1817 819 1878 ad
843 1817 1122 1898 reprehendendum

138 1934 339 2015 compositis,
355 1936 410 1997 sed
427 1928 514 1995 nexu
532 1946 564 1995 et
584 1933 713 1997 uinculo
729 1933 904 2007 destitutis,
922 1932 1032 1996 satiras
1050 1927 1122 1995 Ennii

137 2053 309 2117 constitisse
342 2052 498 2115 dixerim:
530 2073 596 2135 qua
618 2052 653 2114 in
679 2051 833 2114 varietate
870 2071 992 2132 parum
1023 2065 1122 2113 curasse

135 2189 212 2229 eum
236 2168 397 2242 arbitror,
430 2188 497 2251 quo
522 2169 674 2232 carminis
699 2169 766 2233 sive
786 2169 883 2232 metri
899 2191 1017 2255 genere
1036 2180 1122 2248 utere-

135 2297 202 2346 tur.
240 2282 348 2344 Nihilo
371 2297 482 2346 tamen
505 2286 606 2348 secius
632 2289 814 2351 cauendum
831 2308 895 2350 esse
917 2300 1014 2369 puto,
1031 2308 1068 2349 ne
1087 2297 1122 2347 te·

136 2420 226 2462 mere
244 2401 329 2463 hanc
348 2399 548 2495 scriptarum
564 2401 740 2465 satirarum
760 2404 922 2467 rationem
938 2407 1068 2468 eandem
1083 2409 1122 2464 aut

134 2519 336 2582 simillimam
359 2531 511 2600 putemus
525 2521 704 2585 dramatico
716 2535 903 2586 saturarum
916 2525 1043 2610 generi,
1056 2517 1122 2605 qnod

136 2637 247 2723 peragi
263 2637 304 2700 ab
328 2636 537 2700 histrionibus
552 2649 627 2700 ante
648 2637 732 2703 Livii
753 2651 904 2722 tempora
926 2647 1122 2704 consueverat.

136 2751 201 2838 Qui
226 2758 313 2818 lusus
342 2753 467 2817 etiamsi
499 2774 565 2817 non
592 2757 829 2838 extemporales
846 2756 942 2820 fuisse
960 2758 1123 2823 videantur,

134 2885 247 2934 tamen
275 2872 350 2935 artis
377 2872 519 2953 speciem
544 2873 719 2958 exiguam,
744 2875 851 2937 collati
869 2895 948 2938 cum
972 2871 1123 2941 Eunus,

133 2990 277 3054 retulisse
299 2991 446 3053 censendi
467 3003 561 3068 sunt3
598 3004 762 3072 praeterea
794 2989 952 3057 Saturniis
987 2987 1123 3057 numeris,

135 3097 283 3190 quamvis
296 3109 512 3179 concinnitate
523 3109 691 3193 aliquanto
703 3113 1045 3189 commendatioribus,
1056 3127 1124 3176 com·

134 3223 240 3305 positi.
264 3207 429 3286 Ennianae
442 3237 570 3301 contra,
584 3213 789 3292 Graecorum
801 3242 989 3294 metrorum
997 3228 1125 3295 varietas

135 3342 295 3428 insignes,
332 3353 472 3423 praeter
483 3344 592 3425 jocosa
615 3357 648 3408 et
675 3347 800 3412 ludicra
821 3347 920 3410 etiam
940 3345 1125 3432 exquisitiora

136 3460 355 3524 continebant.
398 3456 520 3543 Quodsi
540 3444 734 3541 materiem,
758 3486 860 3549 quam
883 3465 945 3528 sibi
967 3458 1124 3548 subJeean

82 3662 90 3671 Ι
136 3575 341 3654 habuerunt,
366 3598 557 3663 cognoscere
580 3581 707 3659 liceret,
729 3604 831 3667 quam
854 3573 1126 3667 rectejudicaveri·

137 3724 417 3747 m-

173 3812 184 3850 ι
222 3814 250 3862 p.
275 3798 320 3862 25,
339 3816 384 3868 27,
403 3802 449 3857 41.
491 3805 659 3858 Casaub.
686 3807 719 3858 de
739 3809 823 3858 Rom·
846 3809 909 3861 Sat.
936 3804 981 3871 ll,
1000 3796 1123 3871 apd&

134 3916 149 3951 a
162 3892 250 3943 'l'snta
270 3892 298 3943 ia
311 3893 392 3946 Ennii
405 3913 487 3964 opere
499 3917 553 3952 non
564 3902 644 3955 nimis
655 3905 733 3970 longo
744 3914 896 3956 metrorum
914 3903 1068 3962 diversitas:
1083 3903 1121 3945 ¹¹⁶⁶

134 3997 239 4057 tantum
255 3999 424 4060 metrorum,
445 3997 491 4048 sed
511 3999 591 4052 etiarn
612 4010 851 4070 argunzentorum.
866 4019 881 4050 s

168 4110 182 4148 s
215 4108 245 4165 p·
265 4109 307 4162 ²7·
