2580 4756
528 344 589 408 193
664 317 665 321 ‘

77 512 227 603 ,Viuite
239 520 414 596 lurcones,
439 522 647 596 eornedoues,
676 520 780 584 uiuite
804 534 936 585 ventres
951 520 964 570 Ἰ
980 570 988 598 ,

44 656 121 704 tum
163 641 312 723 pluribus
349 639 524 722 disputavit
558 639 644 703 libro
680 653 798 723 quarto
834 654 866 703 et
901 640 1058 726 vigesimo

44 737 174 842 quinto.
210 754 641 839 Praetereaimpudicitiam
666 760 861 841 foedamque
884 757 1055 822 libidinem

43 896 219 959 moresque
245 876 389 939 universe
409 875 586 950 dissolutos,
609 876 720 957 quales
743 873 847 937 Titius
868 875 1057 958 descripsit,

44 995 155 1056 multo
174 995 238 1055 sale
259 1013 297 1057 ac
319 990 470 1054 libertate
490 992 682 1081 insectatum
707 1011 781 1066 esse,
800 995 869 1054 loca
894 997 1058 1073 permulta
1084 1067 1089 1074 Ι

43 1110 120 1205 satis
144 1129 306 1192 superque
323 1111 451 1173 docent.

62 1276 64 1279 v
89 1226 203 1311 Neque
216 1248 294 1291 vero
308 1226 520 1310 philosoph
530 1227 558 1290 is
573 1223 738 1290 abstinuit.
763 1225 924 1310 Amplum
936 1228 971 1291 hi
983 1224 1058 1293 sane

43 1345 175 1410 satirico
192 1344 309 1427 poe'tae
322 1344 452 1427 jocandi
474 1344 694 1428 irridendique
715 1346 823 1411 locum
838 1345 1059 1428 praebebant.

46 1464 170 1548 quippe
204 1483 284 1546 quos
307 1462 341 1524 in
362 1476 507 1526 extrema
532 1462 643 1526 omnia
666 1463 840 1527 excurrisse
862 1478 919 1527 aut
942 1465 1059 1541 ruisse,

46 1581 238 1663 placitisque
249 1577 314 1643 suis
327 1579 412 1642 mira
422 1592 454 1644 et
468 1578 669 1644 incredibilia
680 1578 817 1642 sanxisse
831 1591 965 1645 constat.
987 1580 1059 1644 Ita-

46 1722 111 1782 que
125 1699 282 1780 interpres
294 1725 299 1758 :
314 1695 431 1761 «Stoici
447 1697 634 1761 existimant
646 1701 808 1778 perfectae
820 1696 994 1778 sapientiae
1006 1699 1059 1761 vi·

46 1840 124 1880 rum
143 1817 253 1880 omnia
271 1815 406 1891 habere;
426 1815 460 1877 in
479 1834 545 1897 quo
566 1823 599 1876 et
612 1813 755 1876 Lucilius
772 1826 915 1876 versatus
927 1812 974 1877 sic
995 1815 1057 1878 ait:

203 1969 248 1982 -
270 1930 421 1994 noudum
442 1933 549 1993 etiam
571 1931 789 1993 haecomnia
816 1929 971 2005 tatutis,

114 2051 316 2123 Formosus,
341 2048 454 2123 dives,
481 2047 589 2124 tiber,
614 2070 675 2110 ree·
700 2047 787 2110 solu’
808 2059 954 2113 vocetur.

46 2171 139 2253 Quae
167 2182 274 2230 tamen
305 2171 400 2247 poe'ta
420 2187 486 2228 non
510 2165 719 2248 simpliciter,
751 2168 806 2228 sed
831 2187 891 2248 per
914 2165 1057 2255 derisum

48 2287 234 2352 Stoicorum
262 2266 339 2346 dicit
352 2282 378 2345 2.
395 2304 411 2341 »
460 2283 533 2345 Huc
557 2283 656 2345 etiam
679 2283 859 2364 pertinent:

91 2404 251 2478 Peuulo,
276 2406 311 2466 si
334 2405 498 2488 quaeris,
522 2404 706 2474 couterio',
727 2405 861 2474 serou’,
887 2415 1054 2486 segestre'
1138 2409 1139 2415 ’

93 2522 230 2586 Utilior
255 2519 347 2582 tuidi
372 2541 476 2605 quam
500 2517 724 2601 sopiens-3.

49 2644 159 2707 Palam
186 2656 251 2716 est,
288 2637 434 2703 ludibrio
456 2659 533 2698 eum
557 2635 704 2698 habuisse
726 2633 911 2696 Stoicorum
937 2635 1061 2696 doctri-

48 2784 147 2833 nam,
173 2759 228 2841 qui
255 2765 318 2818 una
342 2755 462 2817 virtute
490 2751 632 2814 contenti
655 2749 873 2829 superbirent.
921 2750 1059 2814 Eosdem

48 2895 158 2962 petere
183 2876 312 2938 videtur
333 2874 395 2933 hoc
418 2891 534 2933 versu:

93 2996 191 3081 eroe
209 2991 353 3076 pietus?
378 2990 636 3073 monogrammi
661 2989 811 3072 quinque
834 2986 1060 3075 adductipie-

483 3098 486 3103 ⁸
724 3116 831 3166 tutem
859 3119 976 3168 ooeont
988 3107 1014 3168 4.

48 3199 328 3217 ’,Μ

82 3297 93 3330 1
131 3281 243 3346 Fragm.
258 3274 311 3336 lV,
333 3292 358 3343 9.
379 3274 463 3336 xlv,
480 3293 505 3343 9.
521 3289 564 3333 to,
586 3271 696 3324 matt.
736 3272 967 3339 Diligentissimus
980 3275 1060 3322 etium

45 3376 154 3427 videtur
167 3372 247 3423 fuisse
259 3372 286 3421 in
297 3371 417 3425 notando
429 3369 575 3423 mulierum
585 3368 650 3420 luxu
663 3377 690 3419 et
702 3371 896 3421 ostentatione.
905 3367 1022 3431 ctttV,
1031 3369 1058 3418 5.

81 3491 97 3523 2
133 3471 434 3535 Auct.p0st00mm.
452 3471 534 3538 Oruq.
555 3485 580 3531 p.
601 3466 652 3534 690
671 3467 709 3514 od
718 3471 749 3518 H
756 3483 771 3514 ο
783 3486 806 3515 r.
831 3464 1059 3528 Sar.t,3,125.

47 3567 220 3636 Ducibsr.
239 3567 294 3616 inc.
313 3565 356 3616 25.
375 3563 427 3615 ct.
454 3567 481 3616 V
487 3581 582 3614 arro
610 3564 671 3611 Sat.
692 3560 907 3632 «Longosngit
932 3564 980 3629 qui
997 3571 1061 3611 tuce

36 3666 124 3736 sugit
133 3681 167 3712 n:
188 3664 270 3716 Solus
281 3680 341 3722 rex,
355 3663 431 3712 solus
447 3663 560 3720 rhetor,
580 3659 658 3707 solus
660 3660 819 3727 formosus,
822 3657 928 3725 fortis,
943 3675 1058 3728 aequus,

46 3761 136 3812 velud
145 3758 307 3810 aedilitium
318 3760 426 3808 modum
435 3775 526 3826 purus
540 3763 639 3823 putus.
658 3759 682 3806 t>
690 3771 706 3800 u
717 3753 750 3801 ci
757 3769 774 3799 a
783 3769 810 3799 n.
829 3755 880 3807 aas
898 3756 985 3810 πράσει·
1001 3756 1061 3811 μόνος

44 3855 105 3907 οὗτος
124 3859 201 3908 stole,
222 3855 283 3910 μένος
303 3859 385 3906 suble,
402 3856 461 3908 ue'ese
483 3854 579 3903 δίκαιος,
594 3850 703 3906 ἀνδρεῖος,
716 3848 839 3901 barattis,
853 3844 933 3902 dirus,
948 3848 1061 3900 assedente,

47 3943 160 3998 νομοθέτης
174 3946 213 3986 nat
228 3942 308 3985 slim
320 3942 392 3984 let-ie.

80 4029 96 4077 ὅ
131 4028 244 4095 fragm,
267 4023 363 4084 XXV,
384 4043 410 4092 7.
439 4021 691 4087 cl.xxvtt,19
729 4017 798 4082 Sup.
818 4035 845 4082 p.
864 4033 908 4084 pt·

82 4123 99 4173 4
135 4123 205 4173 Eoo.
227 4120 358 4180 XXVII,
380 4135 420 4186 19.
450 4118 494 4172 Cf.
519 4122 638 4170 Turn.
654 4117 724 4166 Ado.
747 4111 895 4173 XXVlll,
915 4130 942 4177 9·

556 4218 595 4277 13
