2580 4756
620 333 680 396 153

135 524 173 568 us
211 504 341 590 digessit
371 517 404 570 et
432 507 576 571 edidittl
624 506 806 574 Verisimile
835 531 914 596 argo
945 525 1013 587 est,
1046 509 1145 577 verba

135 645 193 699 ea,
217 644 301 706 quae
333 624 555 700 laudavimus,
587 626 774 692 recentioris
806 627 940 712 alicujus
961 631 1146 695 scholiastae

136 761 226 816 esse,
250 742 342 823 cujus
360 753 464 804 aetate
483 743 554 825 jam
574 744 782 826 deperditum
808 758 889 810 esset
915 746 1032 810 Lucilii
1053 769 1146 832 opus,

137 857 263 922 Mirum
292 879 388 934 vero,
422 858 484 924 illis
502 860 620 926 similia
646 862 711 948 legi
740 866 828 946 apud
851 862 1026 928 Heleuium
1044 866 1147 932 Acro-

135 997 214 1040 nem
227 974 254 1042 ².
301 973 366 1060 Qui
393 976 450 1039 ubi
479 976 606 1042 Horatii
637 981 677 1044 de
708 979 954 1046 Lucilianorum
982 982 1146 1049 librorum

135 1107 256 1161 natura
287 1095 486 1160 sententiam
514 1096 678 1174 illustrat,
707 1097 741 1162 id
762 1097 932 1162 Lucilium
951 1122 992 1163 ex
1013 1100 1147 1167 Graecia

136 1212 246 1298 lyricis
265 1213 415 1278 sumsisse
439 1227 574 1291 narrat,
597 1215 656 1299 qui
680 1215 771 1280 libris
799 1217 938 1300 propriis
959 1219 1144 1284 amicorum

135 1335 208 1395 loco
228 1345 332 1396 essent
360 1332 419 1396 usi.
466 1331 554 1397 Haeo
571 1335 612 1396 ad
630 1334 769 1398 terbum
786 1337 874 1418 apud
896 1334 1149 1402 Commentato-

135 1472 208 1514 rem
228 1448 458 1536 Cruquianum
481 1464 607 1516 exstant
619 1451 647 1516 3.
671 1451 780 1538 Pergit
801 1474 879 1518 vero
900 1446 1001 1519 Acro:
1025 1453 1149 1519 Dici-

136 1581 210 1632 tur
244 1567 409 1632 Lucilius
440 1572 553 1635 citam
582 1592 684 1634 suam
708 1573 907 1657 scripsisse,
934 1583 967 1636 et
989 1572 1150 1638 nonsibi

129 1690 325 1774 pepercisse
335 1671 350 1764 ,'
368 1708 452 1771 quae
473 1709 540 1751 non
563 1689 719 1773 leguntur
738 1692 825 1772 apud
848 1689 955 1754 illurn.
993 1688 1028 1754 Si
1048 1690 1152 1776 igitur

134 1828 171 1869 re
193 1827 269 1870 vera
287 1804 425 1870 Acrcnis
447 1804 640 1880 verbasint,
662 1804 992 1888 nequeaposteriore
1004 1807 1148 1888 quodam

134 1924 269 1987 librario
297 1923 493 2005 interpolata
526 1944 592 1986 esse
613 1922 800 1998 videantur,
814 1935 1002 1986 statuamus
1023 1945 1149 1989 necesse

133 2052 203 2116 est,
231 2041 322 2103 illam
355 2039 459 2121 operis
490 2038 651 2103 Luciliani
672 2052 821 2120 partem,
850 2061 916 2123 qua
938 2061 1031 2104 suam
1053 2047 1150 2124 poe'ts

133 2159 241 2224 vitam
271 2157 442 2240 exposuit,
465 2157 601 2222 Acronis
625 2171 730 2221 aetate
750 2159 821 2240 jam
842 2157 1008 2222 interiisse.
1055 2159 1151 2224 Reli-

134 2298 239 2362 quam
254 2276 343 2339 enim
367 2279 419 2340 vel
431 2274 618 2365 universam
634 2277 685 2342 vel
697 2277 857 2359 majorem
871 2290 1001 2360 psrtem
1014 2278 1044 2341 ei
1056 2277 1149 2343 inno·

134 2398 231 2462 tuisse
250 2373 402 2480 frequens
416 2395 595 2459 verborum
608 2409 641 2459 et
653 2397 802 2459 locorum
815 2396 1061 2460 Lucilianorum
1075 2418 1149 2462 usus

135 2536 173 2580 ac
195 2513 321 2577 mentio
343 2515 524 2596 persuadet.
547 2511 683 2595 Itaque,
706 2512 1149 2595 qnoniamapudAcronem

135 2631 337 2698 Priscianurn
361 2642 587 2693 memoratum
605 2626 802 2704 videmus‘t,
827 2629 890 2691 hoc
913 2649 989 2691 sane
1008 2627 1151 2710 illepos·

134 2749 235 2814 terior
257 2747 352 2812 inisse
377 2747 463 2810 credi
484 2759 600 2831 posset.
645 2745 796 2821 Verum,
819 2744 985 2808 Acronern
1006 2743 1150 2808 Terentii

134 2868 371 2950 interpretem,
396 2886 496 2948 quem
519 2863 643 2946 saepius
665 2860 829 2928 Charisius
852 2862 1018 2939 laudavit,
1042 2863 1151 2930 diver-

132 3007 209 3050 sum
238 3006 302 3050 csse
322 3006 341 3048 a
362 2981 558 3069 cognomine
581 2981 822 3068 grammatico,
845 2978 970 3045 Horatii
982 2977 1151 3071 ¹interpre-

135 3117 190 3178 te,
214 3099 501 3168 existimabimus?
535 3100 600 3167 Vix
618 3113 872 3165 consentaneum
896 3099 1043 3175 videtur,
1070 3102 1150 3166 duos

133 3224 327 3308 interpretes
354 3219 573 3308 distinguere,
608 3218 780 3306 magisque
803 3219 838 3283 in
863 3239 936 3284 earn
961 3217 1149 3301 opinionem

170 3587 182 3622 s
222 3570 267 3622 (ΖΓ.
289 3569 453 3636 Suring.
475 3567 582 3620 Scholl·
599 3571 680 3618 Lali.
703 3565 746 3618 111
765 3582 794 3632 p.
813 3564 847 3617 62
865 3582 924 3636 sqq.

169 3686 186 3722 2
221 3668 323 3721 Nescio
342 3684 391 3718 cur
408 3669 546 3717 Dousa
565 3663 661 3717 Lucil.
679 3665 727 3716 Fr·
746 3680 775 3730 p.
793 3678 827 3718 20
846 3662 896 3732 (fr.
913 3663 968 3718 inc.
982 3664 1045 3736 171)
1072 3684 1149 3721 com.

134 3775 322 3820 mantelorum
338 3773 478 3827 vetarem,
497 3778 552 3814 non
573 3748 712 3814 Acroneuz
731 3759 827 3825 diest,
847 3778 928 3830 quem
948 3769 1037 3816 temen
1058 3767 1151 3843 ssepl.

134 3881 165 3916 us
180 3868 323 3916 memoret.

167 3959 185 4010 ὅ
220 3977 248 4027 p.
267 3959 345 4013 403¹.
880 3988 882 3992 .

169 4057 188 4110 4
222 4055 527 4125 Aduor.upp.1t‚
552 4072 560 4106 ι
581 4056 666 4117 ,228·
706 4054 752 4109 cl.
774 4059 907 4108 Ocmm.
929 4058 1014 4126 Cruq.
1031 4072 1059 4122 p.
1071 4053 1146 4124 ⁵97³·
