2580 4756
602 391 665 450 237

132 564 264 628 tatem?
310 563 424 646 ltaque
456 577 488 626 et
522 578 656 647 propter
689 568 773 628 lranc
807 569 893 630 lraud
915 588 990 630 sane
1013 568 1143 632 inanem

132 682 307 745 hominum
340 681 551 762 opinionem,
582 695 615 745 et
642 696 678 746 ut
701 696 787 746 recte
814 682 976 748 Ciceronis
996 685 1030 748 in
1051 707 1088 748 ea
1108 707 1144 749 re

131 823 199 864 non
232 814 354 863 temere
384 798 595 882 rejiciendam
617 801 845 865 auctoritatem
867 803 1143 885 interpretemur,

132 940 258 982 necesse
279 931 325 981 est
346 931 383 981 ut
406 930 557 999 tempora
579 917 641 981 rite
665 917 911 1004 distinguamus.
942 920 1042 985 Laelii
1054 922 1143 984 enim

132 1049 163 1098 et
190 1034 375 1117 Scipiones,
405 1054 473 1117 quo
498 1046 648 1115 tempore
659 1034 802 1099 Lucilius
815 1050 910 1101 natus
930 1050 1017 1112 erat,
1035 1050 1143 1101 matu-

134 1175 207 1216 ram
240 1155 311 1235 jam
345 1152 520 1238 attigerant
544 1165 703 1226 aetatem,
740 1167 772 1217 st
805 1175 913 1238 quum
933 1156 988 1218 ille
1010 1157 1052 1219 ad
1068 1158 1143 1221 ado-

132 1269 318 1334 lescentiam
351 1283 564 1352 pervenerat,
597 1271 630 1332 hi
653 1270 870 1335 senescebant.
918 1270 1145 1355 Quamobrem

134 1389 268 1451 illorum
297 1389 356 1450 flos
385 1388 420 1450 in
441 1389 557 1452 florem
578 1388 775 1470 reipublicae
800 1389 1002 1475 strigorem
1025 1390 1146 1454 incide-

136 1506 204 1583 bat,
227 1520 336 1589 quumv
359 1506 541 1587 priscarum
564 1505 725 1570 virtutum
747 1509 972 1589 splendorem,
996 1528 1063 1591 quo
1074 1507 1146 1570 illo-

134 1645 211 1686 rum
236 1625 390 1706 juventus
419 1623 590 1708 omnisque
613 1624 680 1688 vita
715 1624 874 1688 illustrata
899 1636 962 1698 est,
997 1626 1145 1691 nondum

133 1742 259 1805 irruens
298 1739 549 1826 peregrinorum
574 1761 707 1804 morum
735 1740 875 1804 imitatio
907 1740 1146 1805 obscuraverat.

135 1858 268 1935 Virtus,
286 1861 381 1934 fides,
406 1859 586 1923 constantia
604 1859 637 1920 in
660 1861 784 1921 honore
804 1872 914 1934 erant;
940 1880 991 1921 eas
1014 1871 1052 1922 ut
1068 1878 1150 1939 pro-

136 1979 317 2042 fitebantur
344 1978 483 2060 maj0res
517 1989 617 2052 natu,
650 1976 694 2039 ita
715 1976 881 2058 juventuti
906 1978 1057 2058 exemplo
1075 1996 1147 2038 mo·

135 2095 276 2178 nitisque
304 2107 336 2156 et
362 2093 529 2157 laudandis
558 2095 723 2176 maJ‘orum
757 2092 910 2158 institutis
932 2096 1147 2159 commenda·

134 2213 230 2275 bant:
256 2208 446 2294 praesertim
459 2212 594 2294 pietate,
619 2211 769 2294 vitaeque
782 2223 859 2274 cum
871 2212 1058 2287 sanctitate,
1071 2225 1145 2275 tum
1216 2259 1219 2264 -

134 2329 339 2412 simplicitate
363 2328 525 2411 principes
546 2329 770 2404 excellebant,
796 2351 940 2413 quorum
965 2329 1146 2414 incorrupti

135 2469 241 2510 mores
262 2461 294 2511 et
314 2446 431 2511 nobilis
450 2447 649 2512 concertatio
669 2447 703 2509 in
726 2447 776 2510 sui
800 2461 832 2510 et
846 2449 1098 2511 admirationem
1112 2462 1145 2511 et

134 2562 388 2628 aemulationem
416 2564 579 2644 populum
603 2560 863 2625 adhortabantur
896 2575 928 2625 et
953 2562 1042 2644 quasi
1063 2562 1146 2627 invi·

136 2683 260 2746 tabant.
306 2679 380 2743 Post
411 2681 548 2742 demum
577 2678 704 2742 invecta
733 2690 809 2740 sunt
842 2678 896 2739 illa
925 2680 1034 2752 mala,
1064 2699 1148 2759 quae

134 2799 392 2864 memoravimus
404 2795 431 2871 ¹,
456 2794 575 2878 quibus
595 2793 696 2857 fiebat
710 2807 744 2857 ut
757 2793 869 2876 pietati
887 2793 1035 2875 impietas
1048 2806 1080 2857 et
1090 2815 1148 2856 su·

133 2915 304 3001 perstitio,
328 2911 403 2976 fidei
440 2915 528 2975 fraus
560 2923 593 2974 et
622 2910 772 2986 fallacia,
803 2910 966 2975 simulatio
990 2911 1145 2986 candori,

130 3031 355 3101 continentiae
380 3044 412 3095 et
438 3029 650 3094 abstinentiae
679 3028 814 3094 avaritia
839 3043 871 3093 et
892 3028 1041 3106 luxuria,
1066 3050 1149 3094 con·

132 3154 268 3219 stantiae
289 3151 411 3225 levitas,
430 3148 636 3232 impudentia
656 3147 774 3230 pudori
797 3143 1032 3225 succederent}
1048 3141 1149 3236 mag-

133 3292 281 3354 numque
303 3266 488 3351 pericnlum
512 3288 576 3330 esse
591 3267 784 3343 videbatur,
808 3288 868 3341 ne,
890 3266 1147 3350 quaerespubli·

133 3414 169 3457 ca
192 3391 324 3451 firmata
348 3384 472 3472 legibus
494 3383 706 3467 moribusque
723 3397 822 3468 atque
837 3383 940 3448 avitae
961 3384 1146 3466 disciplinae

132 3507 302 3574 sanctitate
326 3503 469 3567 stabilita
486 3501 611 3578 luisset,
635 3523 672 3564 ea
695 3500 787 3564 citius
805 3500 1032 3565 dissolveretur
1045 3523 1145 3586 qnam

132 3623 324 3690 confirmari
344 3621 510 3704 potuisset.

177 3741 254 3826 Quo
282 3741 386 3827 igitur
404 3754 553 3822 tempore
570 3737 713 3802 Lucilius
735 3738 916 3802 adolescens
942 3739 975 3802 in
998 3739 1144 3805 celebra-

131 3875 202 3926 tam
226 3860 317 3923 illam
350 3854 507 3938 Scipionis
537 3868 569 3920 et
592 3854 693 3917 Laelii
716 3854 923 3936 perveniebat
945 3856 1145 3921 familiarita-

170 4101 180 4137 ι
220 4101 246 4148 p.
266 4099 299 4151 70
318 4099 380 4149 sqq.
401 4081 463 4132 roo.
