2580 4756
713 326 756 388 ot

281 503 379 569 Aliud
398 503 573 588 accipimus
596 503 638 567 ab
650 502 748 573 Auct.
768 507 810 570 ad
821 501 1046 572 Herennium:
1064 532 1082 577 u
1097 509 1138 577 C.
1154 510 1235 578 Cae.

236 624 297 688 lius
324 626 424 708 judex
453 622 589 687 absolvit
623 622 820 707 injuriarum
847 645 946 701 eum,
987 625 1046 712 qui
1076 625 1234 696 Lucilium

236 747 369 826 poe‘tam
396 742 430 805 in
459 762 554 806 scena
581 741 776 806 nominatim
801 744 999 812 laeserat1.»
1046 744 1124 832 Qua
1146 750 1235 814 dere

236 862 317 926 nihil
337 861 466 926 aliunde
488 869 625 927 constat.
662 858 776 925 Simile
795 862 876 946 quid
902 863 1067 930 acciderat
1084 864 1124 931 L.
1150 868 1236 935 Attio

235 985 349 1063 poetae
362 979 398 1057 2,
426 999 526 1063 quem
546 979 668 1042 mimus
685 978 821 1063 quidam
841 980 1038 1047 nominatim
1060 957 1235 1070 compella·
1282 1070 1284 1075 Ι

239 1111 330 1164 verat
360 1098 395 1161 in
430 1117 537 1162 soena.
593 1096 714 1162 Fertur
740 1118 817 1162 cum
848 1118 888 1163 eo
907 1097 1015 1166 Attius
1036 1101 1232 1187 injuriarum

235 1219 350 1307 egisse:
384 1218 506 1282 mimus
524 1237 603 1280 vero
625 1237 731 1301 quum
746 1216 830 1282 nihil
852 1218 940 1283 aliud
950 1221 1163 1301 defendisset,
1183 1223 1235 1287 nisi

235 1337 332 1402 lioere
359 1334 522 1400 nominari
548 1356 649 1410 eum,
680 1336 772 1418 cujus
792 1335 925 1402 nomine
944 1337 1065 1423 scripta
1085 1341 1235 1406 darentur

236 1457 378 1543 agenda,
401 1468 514 1518 tamen
541 1475 560 1518 a
582 1451 618 1519 P.
641 1451 754 1518 Mucio
776 1456 1008 1521 condemnatus
1031 1479 1107 1524 esse.
1157 1458 1233 1526 Gra·

236 1575 307 1639 rior
333 1595 411 1640 vero
427 1572 542 1637 Lucilii
559 1592 653 1636 causa
672 1573 751 1650 tuit,
783 1571 927 1658 quinon
947 1586 1080 1641 tantum
1100 1580 1238 1663 compel-

235 1698 319 1760 latus
349 1692 560 1768 nominatim,
591 1693 647 1756 sed
670 1674 819 1757 conviciis
842 1691 963 1776 petitus
985 1695 1094 1760 fuerat
1104 1695 1135 1764 ⁸.
1179 1695 1238 1761 Nec

236 1814 385 1889 mirum,
408 1810 500 1875 litem
530 1810 558 1874 ei
593 1809 764 1874 intendisse
794 1812 952 1893 politam,
986 1833 1028 1878 ne
1050 1813 1238 1880 existimatio

236 1954 293 1996 sua
318 1931 454 2013 impunc
479 1928 513 1992 in
535 1950 629 1994 scena
648 1930 841 1994 laederetur.
887 1927 979 1993 Idem
1000 1952 1078 1997 vero
1101 1934 1238 2020 praviter

237 2054 373 2115 oflensus
404 2050 531 2113 videtur
565 2047 712 2112 absoluto
735 2045 898 2111 histrione.
944 2044 1054 2132 Quare
1076 2049 1141 2116 sibi
1163 2050 1239 2116 visus

238 2182 285 2234 est
310 2168 419 2233 Dousa
441 2166 475 2230 in
498 2164 615 2228 Lucilii
638 2165 828 2250 fragmentis
855 2167 921 2230 duo
945 2186 1053 2231 versus
1069 2169 1239 2253 reperisse,

238 2288 295 2372 qui
326 2307 365 2351 eo
394 2284 458 2349 sint
479 2283 639 2349 referendi
659 2281 843 2369 quibusque
863 2296 1015 2368 carpatur
1051 2283 1091 2352 C.
1117 2285 1239 2354 Caelios

235 2409 336 2492 judex
349 2402 378 2470 4.
423 2403 517 2469 Alter
539 2414 603 2466 est:

279 2552 393 2633 Nunc,
407 2553 492 2632 cat,
512 2554 676 2642 quostiam
690 2555 845 2624 inritans
854 2582 916 2625 noe
930 2557 1032 2626 lccdi’
1046 2558 1206 2625 vicissim
1213 2554 1238 2620 ⁵.

236 2708 318 2772 alter
330 2734 338 2770 :

238 3050 307 3101 mini
331 3049 508 3102 columellam
533 3049 588 3102 dici
611 3067 690 3119 poete
707 3067 837 3116 serrum,
856 3069 941 3122 quum
957 3053 1049 3119 potius
1066 3053 1143 3104 servi
1162 3051 1238 3106 colu-

236 3146 317 3199 mella
339 3144 376 3199 eit
402 3146 535 3200 dominus.
559 3146 615 3201 see
642 3147 739 3216 procul
763 3148 849 3202 dubio
865 3147 1027 3205 vindicanda
1047 3147 1156 3200 Donati
1174 3165 1237 3202 auc·

236 3238 343 3299 ¹toritas.

273 3359 286 3398 ι
324 3341 494 3411 ll.15,19.

271 3458 289 3494 a
325 3440 413 3502 1‚14.
444 3438 489 3493 Cf.
517 3439 710 3494 Vol-Max.
728 3441 771 3506 ΙΙ,
790 3443 818 3506 6,
837 3461 864 3514 7.

272 3538 289 3589 3
326 3537 566 3607 Capidurus
591 3536 624 3588 ad
648 3537 1242 3608 tt.p.138.«1nscena,uhipotmau

237 3633 348 3703 publice
371 3633 595 3687 recitabantur.»
631 3636 672 3689 llo
701 3645 789 3690 autem
808 3638 911 3691 laetum
927 3635 1067 3689 Lucilium
1083 3636 1240 3699 existimat,

238 3732 312 3802 qnod
340 3750 400 3784 cum
419 3731 520 3786 mimus
546 3735 654 3789 nomine
678 3753 727 3790 suo
744 3735 972 3805 compellaverat,
990 3750 1045 3786 uon
1062 3734 1239 3801 praenomine

239 3830 331 3900 aliquo
349 3828 540 3884 honoraverat·

271 3929 289 3982 4
324 3925 397 3979 Num
411 3925 482 3978 idem
495 3925 580 3980 suerit
596 3928 647 3998 qui
669 3932 699 3983 0.
713 3931 827 3984 Caelius
850 3930 953 3983 Caldus
963 3945 1020 3982 cot.
1030 3929 1082 3982 660
1096 3930 1155 4000 (94)
1170 3929 1239 3983 trib.

239 4023 277 4092 pl.
289 4024 338 4095 6⁴7
353 4025 443 4094 (topi,
461 4023 533 4077 haud
552 4027 616 4080 tatio
633 4034 747 4083 constat.
769 4026 814 4080 ΙΙΙ.
833 4027 1000 4096 Pighius.
1012 4028 1089 4082 Anu.
1104 4027 1162 4094 ΙΙΙ,
1175 4027 1235 4081 116.

270 4121 287 4173 5
322 4121 415 4186 XXX,
438 4122 480 4174 30.
