2580 4756
713 354 771 413 162

239 526 324 589 llaec
342 523 467 588 Lucilio
489 527 550 588 l'uit
570 527 696 589 virtutis
722 550 814 591 verae
839 536 1094 597 commendatio.
1139 537 1240 620 Quam

236 643 406 727 diligenter
431 647 647 719 atterulcntce,
664 645 933 730 singularumque
954 650 1155 717 definitionis
1172 676 1239 737 par·

235 761 319 821 tium
339 761 497 823 rationein
524 761 770 845 investigantur,
795 776 909 843 sponte
922 764 1146 848 assequimur,
1162 792 1237 853 quae

234 878 313 940 uilia
336 876 449 940 virtuti
473 878 634 940 contraria
652 879 754 941 satiris
776 893 960 960 persecutus
980 884 1031 947 sit.
1081 883 1144 949 Sed
1167 890 1235 951 haee

234 995 383 1078 quamvis
403 996 596 1076 praecipua,
635 1010 745 1059 tamen
771 1018 837 1059 non
858 999 952 1062 unica
974 1005 1114 1069 materia
1132 1011 1233 1086 poene

234 1115 305 1176 luit.
340 1112 422 1175 Nam
438 1113 562 1176 l'crvido
580 1113 633 1174 ille
651 1112 780 1196 ingenio
799 1116 973 1194 praeditus,
1000 1123 1092 1201 quod
1110 1142 1229 1185 omnent

231 1231 434 1294 sedulitatem
459 1229 740 1311 meditationisque
768 1232 925 1296 studiosae
947 1256 1079 1298 moram
1102 1240 1230 1324 fugiebat

233 1371 269 1414 aa
293 1349 459 1411 liberrime
473 1347 667 1431 agitabatur,
682 1367 748 1429 quo
767 1351 899 1412 fortuna
922 1365 960 1414 ut
977 1366 1095 1418 vontus
1109 1357 1228 1430 serebat,

233 1467 301 1549 ipsa
338 1487 451 1530 rerum
477 1465 760 1528 describendarum
779 1467 934 1530 varietate
957 1484 1118 1552 perpetua
1137 1474 1227 1537 deleo·

233 1583 376 1646 tabatur.
424 1581 539 1664 Itaque
569 1581 756 1661 impellente
788 1602 825 1646 ac
847 1584 984 1666 jubente
1013 1588 1146 1666 auimo,
1174 1610 1225 1652 non

234 1704 423 1765 moderante
453 1699 575 1782 judicio
608 1699 770 1794 scribebat
794 1713 851 1763 aut
874 1701 1040 1778 dictabat,
1063 1726 1124 1771 neo
1140 1703 1223 1793 mugit

233 1827 506 1906 argumentorum
542 1817 689 1878 ordinem
723 1830 756 1879 et
791 1817 1032 1898 dispositionem
1054 1842 1154 1905 quarn
1172 1825 1222 1886 lor·

232 1957 305 2000 mae
338 1934 605 2016 compositionem
637 1933 832 1996 attendebat.
896 1933 994 2016 Quod
1027 1958 1095 2021 quo
1127 1940 1221 2002 melin

232 2054 452 2138 intelligatur,
487 2065 591 2133 utque
620 2050 761 2115 universi
795 2052 899 2132 operia
930 2075 1016 2136 quae
1044 2058 1128 2120 ratio
1144 2054 1223 2120 fuerit

233 2171 344 2253 aliquo
364 2171 464 2231 modo
485 2167 702 2249 percipiatur,
723 2188 838 2230 eorum
861 2169 1045 2245 librorum,
1065 2177 1105 2238 de
1124 2174 1222 2258 quibu

232 2288 320 2371 apud
349 2297 470 2348 veteres
498 2283 622 2345 mentio
658 2297 779 2361 exstat,
810 2305 975 2349 summam
1000 2310 1159 2372 exponere
1180 2311 1219 2354 oo

234 2404 400 2469 nabimur.

275 2522 456 2587 Primum
474 2519 647 2584 satirarum
669 2519 792 2582 librum
810 2522 1005 2604 inscriptum
1031 2527 1126 2591 fuiaee
1145 2526 1224 2590 Dee

231 2665 323 2706 rum
344 2639 573 2704 concilium
594 2639 687 2700 docet
707 2637 909 2701 Lactantius:
936 2640 1102 2723 «Jupiter
1125 2665 1225 2727 apre-

229 2760 375 2825 oantibue
403 2768 495 2838 pater
511 2764 669 2829 vocatur,
687 2766 720 2816 et
737 2751 894 2819 Saturnus
912 2768 945 2819 et
965 2756 1067 2823 Janua
1091 2774 1123 2825 et
1140 2758 1224 2825 Liber

232 2892 264 2940 et
286 2876 383 2941 ceteri
411 2875 578 2955 deinceps:
612 2875 701 2956 quod
718 2874 860 2938 Lucilius
878 2874 915 2938 in
936 2877 1084 2943 Deorum
1107 2879 1228 2946 concilio

232 2976 418 3058 irridete»
464 2988 512 3054 Ao
541 3010 576 3053 re
606 2991 673 3073 ipsa
695 2991 730 3053 in
753 3012 790 3054 eo
810 2992 957 3056 Deorum
978 2998 1159 3061 'concilium
1182 2998 1227 3060 de·

232 3109 391 3190 scripturn
404 3105 477 3168 fuit.
501 3103 586 3167 Nam
605 3103 734 3170 Servius
758 3110 798 3172 ad
807 3107 937 3193 Virgilii
963 3111 1064 3175 verba
1084 3112 1229 3201 Accipite

234 3247 315 3315 ergo
336 3225 468 3286 animia
488 3233 590 3307 atque
611 3221 691 3285 boec
711 3247 786 3286 mea
799 3223 910 3313 figite
933 3225 1030 3291 diota
1059 3255 1078 3294 (ι
1092 3230 1231 3295 totmhic

231 3348 340 3418 locus,
368 3339 496 3424 inquit,
526 3341 567 3402 de
586 3339 697 3422 primo
713 3341 841 3404 Lucillii
868 3346 1040 3408 translatus
1064 3361 1112 3410 eet
1135 3346 1230 3419 libro,

230 3462 288 3524 ubi
299 3461 501 3523 inducuntur
513 3455 566 3518 Dii
581 3454 701 3518 hahere
719 3457 891 3521 concilium
904 3470 938 3521 et
957 3480 1054 3545 agere
1075 3462 1185 3544 primo
1199 3463 1232 3524 de

229 3577 364 3641 interitu
374 3573 459 3656 Lupi
470 3573 638 3657 cujusdam
645 3572 762 3656 judicia
774 3573 809 3636 in
820 3575 988 3657 republica
999 3578 1055 3665 (al.
1063 3578 1183 3662 judicia
1193 3578 1233 3643 rei

201 3673 204 3677 ‚
235 3717 267 3758 v.
282 3692 371 3756 ducis
384 3692 418 3753 in
430 3686 623 3772 republica),
636 3703 746 3770 postca
763 3693 934 3755 sententiaa
946 3693 1055 3757 dicere
1065 3694 1120 3759 ⁹.»
1145 3694 1236 3762 Addit

229 3865 488 3883 m

266 3992 277 4026 t
318 3970 588 4037 [nst.1n'v.lv,5.

265 4086 282 4132 3
317 4069 364 4117 Ad
394 4067 465 4121 Aen.
499 4067 537 4130 X,
571 4068 630 4119 tali.
663 4067 708 4117 Cf.
737 4069 808 4122 Jul.
843 4073 962 4138 Pomp.
996 4072 1172 4122 Sabinus
1204 4074 1239 4122 ad
