<?xml version="1.0" encoding="UTF-8"?>
<!DOCTYPE html PUBLIC "-//W3C//DTD XHTML 1.0 Transitional//EN"
    "http://www.w3.org/TR/xhtml1/DTD/xhtml1-transitional.dtd">
<html xmlns="http://www.w3.org/1999/xhtml" xml:lang="en" lang="en">
 <head>
  <title>
</title>
<meta http-equiv="Content-Type" content="text/html;charset=utf-8" />
  <meta name='ocr-system' content='tesseract 3.04.00' />
  <meta name='ocr-capabilities' content='ocr_page ocr_carea ocr_par ocr_line ocrx_word'/>
</head>
<body>
  <div class='ocr_page' id='page_1' title='image "./studiacriticain00heusgoog_0300.png"; bbox 0 0 2580 4756; ppageno 0'>
   <div class='ocr_carea' id='block_1_1' title="bbox 532 459 597 520">
    <p class='ocr_par' dir='ltr' id='par_1_1' title="bbox 532 459 597 520">
     <span class='ocr_line' id='line_1_1' title="bbox 532 459 597 520; baseline 0.015 -1"><span class='ocrx_word' id='word_1_1' title='bbox 532 459 597 520; x_wconf 81' lang='lat'><strong>289</strong></span> 
     </span>
    </p>
   </div>
   <div class='ocr_carea' id='block_1_2' title="bbox 93 611 1064 725">
    <p class='ocr_par' dir='ltr' id='par_1_2' title="bbox 93 611 1064 725">
     <span class='ocr_line' id='line_1_2' title="bbox 93 611 1064 725; baseline -0.009 -16"><span class='ocrx_word' id='word_1_2' title='bbox 93 643 246 708; x_wconf 85' lang='lat' dir='ltr'><strong>Primum</strong></span> <span class='ocrx_word' id='word_1_3' title='bbox 274 639 373 725; x_wconf 76' lang='lat' dir='ltr'><strong>igitur</strong></span> <span class='ocrx_word' id='word_1_4' title='bbox 395 637 459 701; x_wconf 87' lang='lat' dir='ltr'><strong>hoc</strong></span> <span class='ocrx_word' id='word_1_5' title='bbox 478 611 673 701; x_wconf 85' lang='lat' dir='ltr'><strong>instauratae</strong></span> <span class='ocrx_word' id='word_1_6' title='bbox 699 636 847 720; x_wconf 87' lang='lat' dir='ltr'><strong>publicae</strong></span> <span class='ocrx_word' id='word_1_7' title='bbox 870 638 1064 702; x_wconf 86' lang='lat' dir='ltr'><strong>maledicen-</strong></span> 
     </span>
    </p>
   </div>
   <div class='ocr_carea' id='block_1_3' title="bbox 10 751 1078 4174">
    <p class='ocr_par' dir='ltr' id='par_1_3' title="bbox 10 751 1071 2742">
     <span class='ocr_line' id='line_1_3' title="bbox 47 751 1065 842; baseline -0.009 -13"><span class='ocrx_word' id='word_1_8' title='bbox 47 764 118 830; x_wconf 88' lang='lat' dir='ltr'><strong>tiae</strong></span> <span class='ocrx_word' id='word_1_9' title='bbox 142 761 333 841; x_wconf 65' lang='lat' dir='ltr'><strong>exemplum</strong></span> <span class='ocrx_word' id='word_1_10' title='bbox 357 757 391 820; x_wconf 92' lang='lat' dir='ltr'><strong>in</strong></span> <span class='ocrx_word' id='word_1_11' title='bbox 418 754 539 821; x_wconf 88' lang='lat' dir='ltr'><strong>Naevio</strong></span> <span class='ocrx_word' id='word_1_12' title='bbox 556 755 649 821; x_wconf 91' lang='lat' dir='ltr'><strong>nobis</strong></span> <span class='ocrx_word' id='word_1_13' title='bbox 675 769 843 821; x_wconf 82' lang='lat' dir='ltr'><strong>servatum</strong></span> <span class='ocrx_word' id='word_1_14' title='bbox 864 769 922 822; x_wconf 89' lang='lat' dir='ltr'><strong>est.</strong></span> <span class='ocrx_word' id='word_1_15' title='bbox 967 751 1065 842; x_wconf 87' lang='lat' dir='ltr'><strong>Quod</strong></span> 
     </span>
     <span class='ocr_line' id='line_1_4' title="bbox 10 875 1066 964; baseline -0.008 -17"><span class='ocrx_word' id='word_1_16' title='bbox 10 886 12 893; x_wconf 87' lang='lat'>&#39;</span> <span class='ocrx_word' id='word_1_17' title='bbox 46 902 130 948; x_wconf 84' lang='lat' dir='ltr'><strong>sane</strong></span> <span class='ocrx_word' id='word_1_18' title='bbox 146 877 311 964; x_wconf 54' lang='lat' dir='ltr'><strong>‘ejusmodi</strong></span> <span class='ocrx_word' id='word_1_19' title='bbox 324 877 419 941; x_wconf 88' lang='lat' dir='ltr'><strong>fuisse</strong></span> <span class='ocrx_word' id='word_1_20' title='bbox 432 877 631 940; x_wconf 88' lang='lat' dir='ltr'><strong>censendum</strong></span> <span class='ocrx_word' id='word_1_21' title='bbox 644 887 711 951; x_wconf 87' lang='lat' dir='ltr'><strong>est,</strong></span> <span class='ocrx_word' id='word_1_22' title='bbox 735 888 774 938; x_wconf 91' lang='lat' dir='ltr'><strong>ut</strong></span> <span class='ocrx_word' id='word_1_23' title='bbox 787 875 1066 962; x_wconf 59' lang='lat' dir='ltr'><strong>magnoperesdis⁴</strong></span> 
     </span>
     <span class='ocr_line' id='line_1_5' title="bbox 53 994 1065 1084; baseline -0.008 -19"><span class='ocrx_word' id='word_1_24' title='bbox 53 998 223 1084; x_wconf 85' lang='lat' dir='ltr'><strong>crepuerit</strong></span> <span class='ocrx_word' id='word_1_25' title='bbox 234 996 276 1059; x_wconf 89' lang='lat' dir='ltr'><strong>ab</strong></span> <span class='ocrx_word' id='word_1_26' title='bbox 294 995 400 1072; x_wconf 90' lang='lat' dir='ltr'><strong>Ennii,</strong></span> <span class='ocrx_word' id='word_1_27' title='bbox 423 1014 522 1080; x_wconf 89' lang='lat' dir='ltr'><strong>quam</strong></span> <span class='ocrx_word' id='word_1_28' title='bbox 535 1013 633 1078; x_wconf 89' lang='lat' dir='ltr'><strong>supra</strong></span> <span class='ocrx_word' id='word_1_29' title='bbox 650 995 916 1071; x_wconf 82' lang='lat' dir='ltr'><strong>memoravimus,</strong></span> <span class='ocrx_word' id='word_1_30' title='bbox 940 994 1065 1058; x_wconf 90' lang='lat' dir='ltr'><strong>ratione</strong></span> 
     </span>
     <span class='ocr_line' id='line_1_6' title="bbox 49 1110 1065 1199; baseline -0.008 -14"><span class='ocrx_word' id='word_1_31' title='bbox 49 1122 89 1184; x_wconf 72' lang='lat' dir='ltr'><strong>el</strong></span> <span class='ocrx_word' id='word_1_32' title='bbox 107 1110 252 1185; x_wconf 81' lang='lat' dir='ltr'><strong>consilio.</strong></span> <span class='ocrx_word' id='word_1_33' title='bbox 275 1113 388 1199; x_wconf 82' lang='lat' dir='ltr'>Neque</span> <span class='ocrx_word' id='word_1_34' title='bbox 401 1114 489 1177; x_wconf 86' lang='lat' dir='ltr'><strong>enim</strong></span> <span class='ocrx_word' id='word_1_35' title='bbox 502 1113 556 1177; x_wconf 91' lang='lat' dir='ltr'><strong>hic</strong></span> <span class='ocrx_word' id='word_1_36' title='bbox 576 1114 752 1199; x_wconf 70' lang='lat' dir='ltr'>singulares</span> <span class='ocrx_word' id='word_1_37' title='bbox 775 1113 922 1177; x_wconf 87' lang='lat' dir='ltr'><strong>homines</strong></span> <span class='ocrx_word' id='word_1_38' title='bbox 941 1113 1065 1196; x_wconf 87' lang='lat' dir='ltr'><strong>petiisse</strong></span> 
     </span>
     <span class='ocr_line' id='line_1_7' title="bbox 51 1230 1065 1318; baseline -0.008 -13"><span class='ocrx_word' id='word_1_39' title='bbox 51 1238 159 1305; x_wconf 83' lang='lat' dir='ltr'><strong>satiris</strong></span> <span class='ocrx_word' id='word_1_40' title='bbox 179 1236 328 1310; x_wconf 82' lang='lat' dir='ltr'><strong>ridetur,</strong></span> <span class='ocrx_word' id='word_1_41' title='bbox 351 1235 407 1298; x_wconf 92' lang='lat' dir='ltr'><strong>sed</strong></span> <span class='ocrx_word' id='word_1_42' title='bbox 429 1234 495 1316; x_wconf 90' lang='lat' dir='ltr'><strong>ipse</strong></span> <span class='ocrx_word' id='word_1_43' title='bbox 517 1230 670 1297; x_wconf 80' lang='lat' dir='ltr'><strong>indicasse</strong></span> <span class='ocrx_word' id='word_1_44' title='bbox 694 1235 784 1318; x_wconf 93' lang='lat' dir='ltr'><strong>quod</strong></span> <span class='ocrx_word' id='word_1_45' title='bbox 809 1231 932 1309; x_wconf 83' lang='lat' dir='ltr'><strong>voluit,</strong></span> <span class='ocrx_word' id='word_1_46' title='bbox 958 1255 1065 1318; x_wconf 90' lang='lat' dir='ltr'><strong>quum</strong></span> 
     </span>
     <span class='ocr_line' id='line_1_8' title="bbox 52 1353 1066 1436; baseline -0.005 -13"><span class='ocrx_word' id='word_1_47' title='bbox 52 1357 231 1431; x_wconf 71' lang='lat' dir='ltr'>scriberet,</span> <span class='ocrx_word' id='word_1_48' title='bbox 244 1375 276 1418; x_wconf 86' lang='lat' dir='ltr'><strong>se</strong></span> <span class='ocrx_word' id='word_1_49' title='bbox 289 1353 480 1418; x_wconf 82' lang='lat' dir='ltr'><strong>mortalibus</strong></span> <span class='ocrx_word' id='word_1_50' title='bbox 490 1354 658 1417; x_wconf 85' lang='lat' dir='ltr'><strong>flammeos</strong></span> <span class='ocrx_word' id='word_1_51' title='bbox 670 1371 778 1417; x_wconf 84' lang='lat' dir='ltr'><strong>versus</strong></span> <span class='ocrx_word' id='word_1_52' title='bbox 791 1354 979 1418; x_wconf 81' lang='lat' dir='ltr'><strong>medullitus</strong></span> <span class='ocrx_word' id='word_1_53' title='bbox 989 1375 1066 1436; x_wconf 87' lang='lat' dir='ltr'><strong>pro·</strong></span> 
     </span>
     <span class='ocr_line' id='line_1_9' title="bbox 54 1464 1066 1561; baseline -0.006 -20"><span class='ocrx_word' id='word_1_54' title='bbox 54 1477 191 1561; x_wconf 84' lang='lat' dir='ltr'><strong>pinasse.</strong></span> <span class='ocrx_word' id='word_1_55' title='bbox 215 1472 331 1556; x_wconf 90' lang='lat' dir='ltr'><strong>Itaque</strong></span> <span class='ocrx_word' id='word_1_56' title='bbox 348 1464 522 1535; x_wconf 90' lang='lat' dir='ltr'><strong>homiuum</strong></span> <span class='ocrx_word' id='word_1_57' title='bbox 535 1490 636 1558; x_wconf 74' lang='lat' dir='ltr'><strong>genus</strong></span> <span class='ocrx_word' id='word_1_58' title='bbox 649 1472 837 1537; x_wconf 86' lang='lat' dir='ltr'><strong>universum</strong></span> <span class='ocrx_word' id='word_1_59' title='bbox 856 1471 964 1559; x_wconf 72' lang='lat' dir='ltr'><strong>tetigit</strong></span> <span class='ocrx_word' id='word_1_60' title='bbox 977 1517 985 1549; x_wconf 93' lang='lat'><strong>,</strong></span> <span class='ocrx_word' id='word_1_61' title='bbox 998 1474 1066 1556; x_wconf 90' lang='lat' dir='ltr'><strong>ejus</strong></span> 
     </span>
     <span class='ocr_line' id='line_1_10' title="bbox 56 1581 1067 1675; baseline -0.004 -16"><span class='ocrx_word' id='word_1_62' title='bbox 56 1581 166 1659; x_wconf 73' lang='lat' dir='ltr'><strong>dores</strong></span> <span class='ocrx_word' id='word_1_63' title='bbox 189 1592 321 1674; x_wconf 86' lang='lat' dir='ltr'><strong>ineptos·</strong></span> <span class='ocrx_word' id='word_1_64' title='bbox 336 1604 392 1654; x_wconf 91' lang='lat' dir='ltr'><strong>aut</strong></span> <span class='ocrx_word' id='word_1_65' title='bbox 400 1584 517 1675; x_wconf 83' lang='lat' dir='ltr'><strong>pravos</strong></span> <span class='ocrx_word' id='word_1_66' title='bbox 531 1636 540 1667; x_wconf 96' lang='lat'><strong>,</strong></span> <span class='ocrx_word' id='word_1_67' title='bbox 554 1612 620 1654; x_wconf 90' lang='lat' dir='ltr'><strong>non</strong></span> <span class='ocrx_word' id='word_1_68' title='bbox 633 1593 719 1656; x_wconf 85' lang='lat' dir='ltr'><strong>facto</strong></span> <span class='ocrx_word' id='word_1_69' title='bbox 731 1590 915 1655; x_wconf 81' lang='lat' dir='ltr'><strong>discrimine</strong></span> <span class='ocrx_word' id='word_1_70' title='bbox 929 1637 938 1669; x_wconf 91' lang='lat'><strong>,</strong></span> <span class='ocrx_word' id='word_1_71' title='bbox 951 1604 1067 1655; x_wconf 91' lang='lat' dir='ltr'><strong>utrum</strong></span> 
     </span>
     <span class='ocr_line' id='line_1_11' title="bbox 18 1700 1064 1798; baseline -0.003 -21"><span class='ocrx_word' id='word_1_72' title='bbox 18 1710 21 1717; x_wconf 76' lang='grc'>’</span> <span class='ocrx_word' id='word_1_73' title='bbox 55 1712 157 1798; x_wconf 80' lang='lat' dir='ltr'><strong>plebs</strong></span> <span class='ocrx_word' id='word_1_74' title='bbox 178 1700 226 1775; x_wconf 82' lang='lat' dir='ltr'><strong>an</strong></span> <span class='ocrx_word' id='word_1_75' title='bbox 243 1723 352 1794; x_wconf 86' lang='lat' dir='ltr'><strong>patres</strong></span> <span class='ocrx_word' id='word_1_76' title='bbox 362 1755 370 1784; x_wconf 97' lang='lat'><strong>,</strong></span> <span class='ocrx_word' id='word_1_77' title='bbox 380 1709 494 1774; x_wconf 89' lang='lat' dir='ltr'><strong>divites</strong></span> <span class='ocrx_word' id='word_1_78' title='bbox 507 1732 548 1773; x_wconf 93' lang='lat' dir='ltr'><strong>an</strong></span> <span class='ocrx_word' id='word_1_79' title='bbox 560 1731 718 1793; x_wconf 83' lang='lat' dir='ltr'><strong>pauperes</strong></span> <span class='ocrx_word' id='word_1_80' title='bbox 732 1710 768 1773; x_wconf 92' lang='lat' dir='ltr'><strong>iis</strong></span> <span class='ocrx_word' id='word_1_81' title='bbox 780 1709 985 1786; x_wconf 80' lang='lat' dir='ltr'><strong>laborarent,</strong></span> <span class='ocrx_word' id='word_1_82' title='bbox 1008 1712 1064 1774; x_wconf 88' lang='lat' dir='ltr'><strong>de·</strong></span> 
     </span>
     <span class='ocr_line' id='line_1_12' title="bbox 54 1826 1066 1916; baseline -0.003 -20"><span class='ocrx_word' id='word_1_83' title='bbox 54 1828 183 1916; x_wconf 84' lang='lat' dir='ltr'><strong>scripsit</strong></span> <span class='ocrx_word' id='word_1_84' title='bbox 194 1843 229 1893; x_wconf 88' lang='lat' dir='ltr'><strong>et</strong></span> <span class='ocrx_word' id='word_1_85' title='bbox 240 1829 468 1894; x_wconf 90' lang='lat' dir='ltr'><strong>adumbravit:</strong></span> <span class='ocrx_word' id='word_1_86' title='bbox 493 1850 600 1912; x_wconf 88' lang='lat' dir='ltr'><strong>neque</strong></span> <span class='ocrx_word' id='word_1_87' title='bbox 619 1850 657 1892; x_wconf 86' lang='lat' dir='ltr'><strong>eo</strong></span> <span class='ocrx_word' id='word_1_88' title='bbox 680 1829 829 1892; x_wconf 90' lang='lat' dir='ltr'><strong>audaciae</strong></span> <span class='ocrx_word' id='word_1_89' title='bbox 842 1826 1005 1912; x_wconf 85' lang='lat' dir='ltr'><strong>prorupit,</strong></span> <span class='ocrx_word' id='word_1_90' title='bbox 1019 1842 1066 1903; x_wconf 89' lang='lat' dir='ltr'><strong>ut,</strong></span> 
     </span>
     <span class='ocr_line' id='line_1_13' title="bbox 56 1943 1068 2035; baseline -0.003 -22"><span class='ocrx_word' id='word_1_91' title='bbox 56 1952 148 2035; x_wconf 94' lang='lat' dir='ltr'><strong>quod</strong></span> <span class='ocrx_word' id='word_1_92' title='bbox 157 1949 295 2031; x_wconf 85' lang='lat' dir='ltr'><strong>impune</strong></span> <span class='ocrx_word' id='word_1_93' title='bbox 314 1946 349 2010; x_wconf 89' lang='lat' dir='ltr'><strong>in</strong></span> <span class='ocrx_word' id='word_1_94' title='bbox 372 1945 500 2011; x_wconf 88' lang='lat' dir='ltr'><strong>civitate</strong></span> <span class='ocrx_word' id='word_1_95' title='bbox 513 1943 664 2011; x_wconf 91' lang='lat' dir='ltr'><strong>Romana</strong></span> <span class='ocrx_word' id='word_1_96' title='bbox 675 1968 741 2011; x_wconf 89' lang='lat' dir='ltr'><strong>non</strong></span> <span class='ocrx_word' id='word_1_97' title='bbox 755 1947 851 2011; x_wconf 89' lang='lat' dir='ltr'><strong>licere</strong></span> <span class='ocrx_word' id='word_1_98' title='bbox 863 1947 973 2012; x_wconf 85' lang='lat' dir='ltr'><strong>Naevii</strong></span> <span class='ocrx_word' id='word_1_99' title='bbox 986 1969 1068 2031; x_wconf 86' lang='lat' dir='ltr'><strong>sup·</strong></span> 
     </span>
     <span class='ocr_line' id='line_1_14' title="bbox 58 2064 1070 2152; baseline -0.002 -22"><span class='ocrx_word' id='word_1_100' title='bbox 58 2067 160 2152; x_wconf 85' lang='lat' dir='ltr'><strong>plicio</strong></span> <span class='ocrx_word' id='word_1_101' title='bbox 175 2065 390 2140; x_wconf 77' lang='lat' dir='ltr'><strong>comtitisset,</strong></span> <span class='ocrx_word' id='word_1_102' title='bbox 414 2067 558 2149; x_wconf 87' lang='lat' dir='ltr'><strong>ejusdem</strong></span> <span class='ocrx_word' id='word_1_103' title='bbox 580 2079 636 2130; x_wconf 90' lang='lat' dir='ltr'><strong>aut</strong></span> <span class='ocrx_word' id='word_1_104' title='bbox 649 2064 803 2152; x_wconf 72' lang='lat' dir='ltr'><strong>gravioris</strong></span> <span class='ocrx_word' id='word_1_105' title='bbox 817 2065 966 2148; x_wconf 90' lang='lat' dir='ltr'><strong>supplicii</strong></span> <span class='ocrx_word' id='word_1_106' title='bbox 978 2065 1070 2149; x_wconf 87' lang='lat' dir='ltr'><strong>peri-</strong></span> 
     </span>
     <span class='ocr_line' id='line_1_15' title="bbox 61 2158 1071 2269; baseline 0 -21"><span class='ocrx_word' id='word_1_107' title='bbox 61 2189 139 2249; x_wconf 93' lang='lat' dir='ltr'><strong>culo</strong></span> <span class='ocrx_word' id='word_1_108' title='bbox 171 2158 318 2251; x_wconf 82' lang='lat' dir='ltr'><strong>tentaret.</strong></span> <span class='ocrx_word' id='word_1_109' title='bbox 364 2182 487 2248; x_wconf 85' lang='lat' dir='ltr'><strong>Eadem</strong></span> <span class='ocrx_word' id='word_1_110' title='bbox 512 2206 644 2269; x_wconf 90' lang='lat' dir='ltr'><strong>quoque</strong></span> <span class='ocrx_word' id='word_1_111' title='bbox 662 2207 756 2250; x_wconf 89' lang='lat' dir='ltr'><strong>causa</strong></span> <span class='ocrx_word' id='word_1_112' title='bbox 776 2186 858 2261; x_wconf 79' lang='lat' dir='ltr'><strong>luit,</strong></span> <span class='ocrx_word' id='word_1_113' title='bbox 883 2206 941 2249; x_wconf 90' lang='lat' dir='ltr'><strong>cur</strong></span> <span class='ocrx_word' id='word_1_114' title='bbox 964 2184 1071 2249; x_wconf 88' lang='lat' dir='ltr'><strong>Pacu·</strong></span> 
     </span>
     <span class='ocr_line' id='line_1_16' title="bbox 61 2296 1071 2389; baseline -0.002 -19"><span class='ocrx_word' id='word_1_115' title='bbox 61 2305 156 2378; x_wconf 75' lang='lat' dir='ltr'><strong>vius,</strong></span> <span class='ocrx_word' id='word_1_116' title='bbox 181 2320 295 2388; x_wconf 85' lang='lat' dir='ltr'><strong>quom·</strong></span> <span class='ocrx_word' id='word_1_117' title='bbox 309 2305 376 2370; x_wconf 89' lang='lat' dir='ltr'><strong>sine</strong></span> <span class='ocrx_word' id='word_1_118' title='bbox 408 2296 511 2367; x_wconf 33' lang='lat' dir='ltr'><strong>causa*</strong></span> <span class='ocrx_word' id='word_1_119' title='bbox 537 2304 708 2369; x_wconf 86' lang='lat' dir='ltr'><strong>Diomedes</strong></span> <span class='ocrx_word' id='word_1_120' title='bbox 738 2318 814 2369; x_wconf 86' lang='lat' dir='ltr'><strong>ante</strong></span> <span class='ocrx_word' id='word_1_121' title='bbox 837 2305 983 2369; x_wconf 88' lang='lat' dir='ltr'><strong>Ennium</strong></span> <span class='ocrx_word' id='word_1_122' title='bbox 1007 2325 1071 2389; x_wconf 87' lang='lat' dir='ltr'><strong>po-</strong></span> 
     </span>
     <span class='ocr_line' id='line_1_17' title="bbox 56 2423 1071 2507; baseline -0.002 -21"><span class='ocrx_word' id='word_1_123' title='bbox 56 2423 124 2486; x_wconf 86' lang='lat' dir='ltr'><strong>suit</strong></span> <span class='ocrx_word' id='word_1_124' title='bbox 145 2423 304 2507; x_wconf 80' lang='lat' dir='ltr'><strong>-cujus</strong></span> <span class='ocrx_word' id='word_1_125' title='bbox 337 2441 376 2486; x_wconf 86' lang='lat' dir='ltr'><strong>ex</strong></span> <span class='ocrx_word' id='word_1_126' title='bbox 409 2443 519 2487; x_wconf 87' lang='lat' dir='ltr'><strong>sorore</strong></span> <span class='ocrx_word' id='word_1_127' title='bbox 554 2446 654 2507; x_wconf 88' lang='lat' dir='ltr'><strong>nepos</strong></span> <span class='ocrx_word' id='word_1_128' title='bbox 686 2425 827 2488; x_wconf 86' lang='lat' dir='ltr'><strong>traditur</strong></span> <span class='ocrx_word' id='word_1_129' title='bbox 848 2424 945 2487; x_wconf 85' lang='lat' dir='ltr'><strong>fuisse</strong></span> <span class='ocrx_word' id='word_1_130' title='bbox 968 2459 1014 2471; x_wconf 92' lang='lat'><strong>—-</strong></span> <span class='ocrx_word' id='word_1_131' title='bbox 1036 2424 1071 2485; x_wconf 91' lang='lat' dir='ltr'><strong>in</strong></span> 
     </span>
     <span class='ocr_line' id='line_1_18' title="bbox 10 2540 1071 2627; baseline -0.002 -21"><span class='ocrx_word' id='word_1_132' title='bbox 10 2606 20 2627; x_wconf 38' lang='grc' dir='ltr'><strong>,Ι</strong></span> <span class='ocrx_word' id='word_1_133' title='bbox 57 2540 229 2606; x_wconf 87' lang='lat' dir='ltr'><strong>Ennianae</strong></span> <span class='ocrx_word' id='word_1_134' title='bbox 250 2540 363 2604; x_wconf 85' lang='lat' dir='ltr'><strong>satirae</strong></span> <span class='ocrx_word' id='word_1_135' title='bbox 395 2560 513 2626; x_wconf 76' lang='lat' dir='ltr'><strong>genere</strong></span> <span class='ocrx_word' id='word_1_136' title='bbox 543 2542 778 2625; x_wconf 88' lang='lat' dir='ltr'><strong>acquiesceret,</strong></span> <span class='ocrx_word' id='word_1_137' title='bbox 801 2562 860 2604; x_wconf 90' lang='lat' dir='ltr'><strong>nec</strong></span> <span class='ocrx_word' id='word_1_138' title='bbox 887 2541 1071 2625; x_wconf 86' lang='lat' dir='ltr'><strong>quidquam</strong></span> 
     </span>
     <span class='ocr_line' id='line_1_19' title="bbox 26 2654 775 2742; baseline -0.003 -17"><span class='ocrx_word' id='word_1_139' title='bbox 26 2654 136 2725; x_wconf 66' lang='lat' dir='ltr'><strong>&#39;&#39;novi</strong></span> <span class='ocrx_word' id='word_1_140' title='bbox 162 2671 230 2722; x_wconf 61' lang='lat' dir='ltr'><strong>&#39;aut</strong></span> <span class='ocrx_word' id='word_1_141' title='bbox 252 2655 380 2723; x_wconf 80' lang='lat' dir='ltr'><strong>Graecis</strong></span> <span class='ocrx_word' id='word_1_142' title='bbox 405 2655 549 2723; x_wconf 85' lang='lat' dir='ltr'><strong>inusitati</strong></span> <span class='ocrx_word' id='word_1_143' title='bbox 574 2661 736 2742; x_wconf 86' lang='lat' dir='ltr'><strong>proferret</strong></span> <span class='ocrx_word' id='word_1_144' title='bbox 749 2659 775 2723; x_wconf 85' lang='lat'><strong>¹.</strong></span> 
     </span>
    </p>

    <p class='ocr_par' dir='ltr' id='par_1_4' title="bbox 54 2770 1075 3461">
     <span class='ocr_line' id='line_1_20' title="bbox 101 2770 1071 2863; baseline 0.002 -22"><span class='ocrx_word' id='word_1_145' title='bbox 101 2775 230 2863; x_wconf 71' lang='lat' dir='ltr'><strong>Integri</strong></span> <span class='ocrx_word' id='word_1_146' title='bbox 245 2775 349 2840; x_wconf 86' lang='lat' dir='ltr'><strong>seculi-</strong></span> <span class='ocrx_word' id='word_1_147' title='bbox 358 2772 475 2860; x_wconf 80' lang='lat' dir='ltr'><strong>spatio,</strong></span> <span class='ocrx_word' id='word_1_148' title='bbox 486 2779 574 2862; x_wconf 93' lang='lat' dir='ltr'><strong>quod</strong></span> <span class='ocrx_word' id='word_1_149' title='bbox 584 2770 672 2840; x_wconf 88' lang='lat' dir='ltr'><strong>inter</strong></span> <span class='ocrx_word' id='word_1_150' title='bbox 685 2774 794 2842; x_wconf 85' lang='lat' dir='ltr'><strong>Naevii</strong></span> <span class='ocrx_word' id='word_1_151' title='bbox 813 2790 844 2840; x_wconf 88' lang='lat' dir='ltr'><strong>et</strong></span> <span class='ocrx_word' id='word_1_152' title='bbox 858 2777 974 2842; x_wconf 88' lang='lat' dir='ltr'><strong>Lucilii</strong></span> <span class='ocrx_word' id='word_1_153' title='bbox 988 2791 1071 2843; x_wconf 88' lang='lat' dir='ltr'><strong>tem·</strong></span> 
     </span>
     <span class='ocr_line' id='line_1_21' title="bbox 58 2887 1074 2984; baseline 0.003 -26"><span class='ocrx_word' id='word_1_154' title='bbox 58 2912 142 2981; x_wconf 86' lang='lat' dir='ltr'><strong>pora</strong></span> <span class='ocrx_word' id='word_1_155' title='bbox 157 2887 358 2972; x_wconf 74' lang='lat' dir='ltr'><strong>intercessit,</strong></span> <span class='ocrx_word' id='word_1_156' title='bbox 380 2910 542 2981; x_wconf 90' lang='lat' dir='ltr'><strong>quantum</strong></span> <span class='ocrx_word' id='word_1_157' title='bbox 563 2896 791 2960; x_wconf 87' lang='lat' dir='ltr'><strong>Romanorum</strong></span> <span class='ocrx_word' id='word_1_158' title='bbox 809 2897 938 2984; x_wconf 72' lang='lat' dir='ltr'><strong>ingenia</strong></span> <span class='ocrx_word' id='word_1_159' title='bbox 959 2919 1074 2963; x_wconf 84' lang='lat' dir='ltr'><strong>creve-</strong></span> 
     </span>
     <span class='ocr_line' id='line_1_22' title="bbox 54 3006 1073 3100; baseline 0.002 -20"><span class='ocrx_word' id='word_1_160' title='bbox 54 3016 150 3092; x_wconf 68' lang='lat' dir='ltr'><strong>rint,</strong></span> <span class='ocrx_word' id='word_1_161' title='bbox 184 3010 308 3100; x_wconf 77' lang='lat' dir='ltr'><strong>quanta</strong></span> <span class='ocrx_word' id='word_1_162' title='bbox 338 3034 406 3078; x_wconf 88' lang='lat' dir='ltr'><strong>non</strong></span> <span class='ocrx_word' id='word_1_163' title='bbox 438 3006 545 3078; x_wconf 82' lang='lat' dir='ltr'><strong>solum</strong></span> <span class='ocrx_word' id='word_1_164' title='bbox 579 3018 620 3080; x_wconf 89' lang='lat' dir='ltr'><strong>ad</strong></span> <span class='ocrx_word' id='word_1_165' title='bbox 654 3017 818 3080; x_wconf 88' lang='lat' dir='ltr'><strong>doctrinae</strong></span> <span class='ocrx_word' id='word_1_166' title='bbox 852 3020 982 3081; x_wconf 87' lang='lat' dir='ltr'><strong>laudem</strong></span> <span class='ocrx_word' id='word_1_167' title='bbox 1018 3018 1073 3082; x_wconf 89' lang='lat' dir='ltr'><strong>sed</strong></span> 
     </span>
     <span class='ocr_line' id='line_1_23' title="bbox 58 3128 1075 3203; baseline 0 -3"><span class='ocrx_word' id='word_1_168' title='bbox 58 3135 175 3200; x_wconf 56' lang='lat' dir='ltr'><strong>etiam’</strong></span> <span class='ocrx_word' id='word_1_169' title='bbox 190 3136 234 3198; x_wconf 78' lang='lat' dir='ltr'><strong>&#39;ad</strong></span> <span class='ocrx_word' id='word_1_170' title='bbox 259 3128 470 3199; x_wconf 83' lang='lat' dir='ltr'><strong>humanitatis</strong></span> <span class='ocrx_word' id='word_1_171' title='bbox 493 3135 813 3200; x_wconf 85' lang='lat' dir='ltr'><strong>commendationem</strong></span> <span class='ocrx_word' id='word_1_172' title='bbox 835 3137 970 3201; x_wconf 86' lang='lat' dir='ltr'><strong>accessio</strong></span> <span class='ocrx_word' id='word_1_173' title='bbox 990 3140 1075 3203; x_wconf 87' lang='lat' dir='ltr'><strong>facta</strong></span> 
     </span>
     <span class='ocr_line' id='line_1_24' title="bbox 57 3251 1074 3338; baseline 0.002 -19"><span class='ocrx_word' id='word_1_174' title='bbox 57 3253 231 3332; x_wconf 83' lang='lat' dir='ltr'><strong>sit,·=idem</strong></span> <span class='ocrx_word' id='word_1_175' title='bbox 253 3251 424 3332; x_wconf 85' lang='lat' dir='ltr'><strong>Horatius,</strong></span> <span class='ocrx_word' id='word_1_176' title='bbox 449 3253 506 3338; x_wconf 90' lang='lat' dir='ltr'><strong>qui</strong></span> <span class='ocrx_word' id='word_1_177' title='bbox 524 3255 615 3319; x_wconf 87' lang='lat' dir='ltr'><strong>nobis</strong></span> <span class='ocrx_word' id='word_1_178' title='bbox 634 3255 668 3318; x_wconf 90' lang='lat' dir='ltr'><strong>in</strong></span> <span class='ocrx_word' id='word_1_179' title='bbox 692 3257 862 3320; x_wconf 87' lang='lat' dir='ltr'><strong>enodanda</strong></span> <span class='ocrx_word' id='word_1_180' title='bbox 883 3257 997 3320; x_wconf 85' lang='lat' dir='ltr'><strong>satirae</strong></span> <span class='ocrx_word' id='word_1_181' title='bbox 1009 3256 1074 3321; x_wconf 89' lang='lat' dir='ltr'><strong>ori·</strong></span> 
     </span>
     <span class='ocr_line' id='line_1_25' title="bbox 55 3372 537 3461; baseline -0.002 -24"><span class='ocrx_word' id='word_1_182' title='bbox 55 3372 144 3461; x_wconf 67' lang='lat' dir='ltr'><strong>gine·</strong></span> <span class='ocrx_word' id='word_1_183' title='bbox 155 3375 222 3436; x_wconf 89' lang='lat' dir='ltr'><strong>dux</strong></span> <span class='ocrx_word' id='word_1_184' title='bbox 240 3373 324 3449; x_wconf 83' lang='lat' dir='ltr'><strong>fuit,</strong></span> <span class='ocrx_word' id='word_1_185' title='bbox 348 3373 435 3437; x_wconf 90' lang='lat' dir='ltr'><strong>testis</strong></span> <span class='ocrx_word' id='word_1_186' title='bbox 457 3386 504 3437; x_wconf 89' lang='lat' dir='ltr'><strong>est</strong></span> <span class='ocrx_word' id='word_1_187' title='bbox 517 3385 537 3436; x_wconf 82' lang='lat'><strong>:&#39;</strong></span> 
     </span>
    </p>

    <p class='ocr_par' dir='ltr' id='par_1_5' title="bbox 80 3487 996 3941">
     <span class='ocr_line' id='line_1_26' title="bbox 80 3487 979 3578; baseline -0.001 -21"><span class='ocrx_word' id='word_1_188' title='bbox 80 3487 257 3557; x_wconf 69' lang='lat' dir='ltr'><strong>:Gratata</strong></span> <span class='ocrx_word' id='word_1_189' title='bbox 273 3503 376 3578; x_wconf 78' lang='lat' dir='ltr'><strong>capta</strong></span> <span class='ocrx_word' id='word_1_190' title='bbox 388 3492 512 3578; x_wconf 75' lang='lat' dir='ltr'><strong>ferum</strong></span> <span class='ocrx_word' id='word_1_191' title='bbox 528 3495 693 3557; x_wconf 79' lang='lat' dir='ltr'><strong>victorem</strong></span> <span class='ocrx_word' id='word_1_192' title='bbox 716 3496 806 3578; x_wconf 77' lang='lat' dir='ltr'><strong>cepit</strong></span> <span class='ocrx_word' id='word_1_193' title='bbox 831 3505 863 3556; x_wconf 82' lang='lat' dir='ltr'><strong>et</strong></span> <span class='ocrx_word' id='word_1_194' title='bbox 886 3505 979 3557; x_wconf 79' lang='lat' dir='ltr'><strong>artes</strong></span> 
     </span>
     <span class='ocr_line' id='line_1_27' title="bbox 104 3611 911 3701; baseline 0.001 -26"><span class='ocrx_word' id='word_1_195' title='bbox 104 3611 242 3676; x_wconf 71' lang='lat' dir='ltr'><strong>Intulit</strong></span> <span class='ocrx_word' id='word_1_196' title='bbox 267 3615 405 3701; x_wconf 76' lang='lat' dir='ltr'><strong>agresti</strong></span> <span class='ocrx_word' id='word_1_197' title='bbox 425 3611 557 3677; x_wconf 75' lang='lat' dir='ltr'><strong>Latio:</strong></span> <span class='ocrx_word' id='word_1_198' title='bbox 580 3616 632 3676; x_wconf 82' lang='lat' dir='ltr'><strong>sic</strong></span> <span class='ocrx_word' id='word_1_199' title='bbox 656 3612 823 3693; x_wconf 75' lang='lat' dir='ltr'><strong>horridus</strong></span> <span class='ocrx_word' id='word_1_200' title='bbox 849 3614 911 3676; x_wconf 77' lang='lat' dir='ltr'><strong>tlte</strong></span> 
     </span>
     <span class='ocr_line' id='line_1_28' title="bbox 100 3729 996 3822; baseline 0 -26"><span class='ocrx_word' id='word_1_201' title='bbox 100 3729 267 3820; x_wconf 75' lang='lat' dir='ltr'><strong>&#39;Dsfltm‘t</strong></span> <span class='ocrx_word' id='word_1_202' title='bbox 286 3754 450 3796; x_wconf 81' lang='lat' dir='ltr'><strong>numerus</strong></span> <span class='ocrx_word' id='word_1_203' title='bbox 468 3729 685 3810; x_wconf 78' lang='lat' dir='ltr'><strong>Saturnius,</strong></span> <span class='ocrx_word' id='word_1_204' title='bbox 713 3745 745 3796; x_wconf 80' lang='lat' dir='ltr'><strong>et</strong></span> <span class='ocrx_word' id='word_1_205' title='bbox 757 3752 874 3822; x_wconf 77' lang='lat' dir='ltr'><strong>grave</strong></span> <span class='ocrx_word' id='word_1_206' title='bbox 897 3736 996 3798; x_wconf 78' lang='lat' dir='ltr'><strong>virus</strong></span> 
     </span>
     <span class='ocr_line' id='line_1_29' title="bbox 101 3837 514 3941; baseline 0 -25"><span class='ocrx_word' id='word_1_207' title='bbox 101 3849 310 3916; x_wconf 67' lang='lat' dir='ltr'><strong>‘Munditias</strong></span> <span class='ocrx_word' id='word_1_208' title='bbox 327 3837 490 3941; x_wconf 69' lang='lat' dir='ltr'><strong>pepulere</strong></span> <span class='ocrx_word' id='word_1_209' title='bbox 499 3878 514 3933; x_wconf 69' lang='grc' dir='ltr'><em>ς</em></span> 
     </span>
    </p>

    <p class='ocr_par' dir='ltr' id='par_1_6' title="bbox 59 3970 1078 4174">
     <span class='ocr_line' id='line_1_30' title="bbox 61 3970 1078 4061; baseline -0.005 -21"><span class='ocrx_word' id='word_1_210' title='bbox 61 3970 186 4040; x_wconf 75' lang='lat' dir='ltr'><strong>addidit</strong></span> <span class='ocrx_word' id='word_1_211' title='bbox 209 3992 308 4048; x_wconf 83' lang='lat' dir='ltr'><strong>vere,</strong></span> <span class='ocrx_word' id='word_1_212' title='bbox 341 3994 381 4035; x_wconf 93' lang='lat' dir='ltr'><strong>ne</strong></span> <span class='ocrx_word' id='word_1_213' title='bbox 405 3971 478 4057; x_wconf 88' lang='lat' dir='ltr'><strong>quis</strong></span> <span class='ocrx_word' id='word_1_214' title='bbox 506 3971 771 4037; x_wconf 84' lang='lat' dir='ltr'><strong>inconsideratius</strong></span> <span class='ocrx_word' id='word_1_215' title='bbox 794 3995 979 4061; x_wconf 73' lang='lat' dir='ltr'><strong>progressus</strong></span> <span class='ocrx_word' id='word_1_216' title='bbox 1003 3995 1078 4036; x_wconf 85' lang='lat' dir='ltr'><strong>ma-</strong></span> 
     </span>
     <span class='ocr_line' id='line_1_31' title="bbox 59 4089 885 4174; baseline 0.011 -22"><span class='ocrx_word' id='word_1_217' title='bbox 59 4089 168 4172; x_wconf 85' lang='lat' dir='ltr'><strong>jores,</strong></span> <span class='ocrx_word' id='word_1_218' title='bbox 193 4111 296 4174; x_wconf 89' lang='lat' dir='ltr'><strong>quam</strong></span> <span class='ocrx_word' id='word_1_219' title='bbox 316 4112 427 4174; x_wconf 86' lang='lat' dir='ltr'><strong>reapse</strong></span> <span class='ocrx_word' id='word_1_220' title='bbox 450 4090 602 4168; x_wconf 88' lang='lat' dir='ltr'><strong>fuissent,</strong></span> <span class='ocrx_word' id='word_1_221' title='bbox 627 4090 846 4157; x_wconf 81' lang='lat' dir='ltr'><strong>existimaret:</strong></span> <span class='ocrx_word' id='word_1_222' title='bbox 882 4135 885 4161; x_wconf 57' lang='grc' dir='ltr'>ς</span> 
     </span>
    </p>
   </div>
   <div class='ocr_carea' id='block_1_4' title="bbox 101 4254 345 4331">
    <p class='ocr_par' dir='ltr' id='par_1_7' title="bbox 101 4254 345 4331">
     <span class='ocr_line' id='line_1_32' title="bbox 101 4254 345 4331; baseline 0.008 -23"><span class='ocrx_word' id='word_1_223' title='bbox 101 4273 112 4308; x_wconf 85' lang='grc' dir='ltr'>ι</span> <span class='ocrx_word' id='word_1_224' title='bbox 152 4254 222 4326; x_wconf 79' lang='lat' dir='ltr'><strong>Sap.</strong></span> <span class='ocrx_word' id='word_1_225' title='bbox 235 4275 263 4327; x_wconf 86' lang='lat' dir='ltr'><strong>p.</strong></span> <span class='ocrx_word' id='word_1_226' title='bbox 283 4260 345 4331; x_wconf 77' lang='lat'><strong>²7⁸·</strong></span> 
     </span>
    </p>
   </div>
   <div class='ocr_carea' id='block_1_5' title="bbox 0 0 1313 4756">
    <p class='ocr_par' dir='ltr' id='par_1_8' title="bbox 0 0 1313 4756">
     <span class='ocr_line' id='line_1_33' title="bbox 0 0 1313 4756; baseline 0 0"><span class='ocrx_word' id='word_1_227' title='bbox 0 0 1313 4756; x_wconf 95' lang='lat' dir='ltr'><strong> </strong></span> 
     </span>
    </p>
   </div>
  </div>
 </body>
</html>
