2580 4756
682 420 743 480 172

252 591 391 657 Aurum
403 601 504 677 etque
512 591 660 656 ambitio
668 595 834 678 specimen
845 597 1149 682 virtutisntre'qne
1159 610 1219 664 erl.-

252 710 430 796 anntum
440 708 574 783 hahens,
584 711 680 771 tanti
689 711 761 794 ipse
772 711 852 787 sier,
866 713 1027 795 tantique
1039 713 1216 779 labmrm

187 825 328 909 quippe
352 825 503 889 Horatius
528 827 664 889 eandem
684 826 877 889 sententiam
894 827 941 890 sic
956 829 1095 892 extulit:

248 939 318 1005 Nil
338 944 431 1004 eatis
453 952 525 1016 eet,
548 943 690 1025 inquit,
715 944 936 1027 quantumi,
960 956 1135 1029 quantum
1159 947 1214 1011 bo-

972 1061 1074 1137 bane,
1100 1065 1173 1139 eie,

203 1195 286 1259 quae
308 1175 342 1237 in
365 1175 494 1237 laudata
516 1174 583 1255 ejus
606 1173 702 1236 satira
719 1173 935 1239 inveniuntur
949 1175 976 1240 9.
1023 1177 1086 1240 Illa
1108 1192 1212 1244 autem

171 1293 173 1298 ’
202 1294 243 1355 de
274 1291 443 1354 insatiabili
475 1288 651 1371 cupiditate
685 1290 816 1374 agitur,
840 1294 930 1375 quod
952 1292 1062 1373 ipsum
1087 1294 1211 1360 uidetur

201 1410 298 1491 hujus
323 1407 475 1475 carminis
495 1405 653 1469 Luciliaui
673 1420 908 1490 argumentum
929 1410 1098 1491 quoddam
1112 1411 1210 1474 fuisse.

202 1523 311 1607 Quare
334 1526 422 1587 haud
439 1544 553 1587 vereor
578 1525 643 1586 huc
663 1526 785 1586 referre
806 1524 895 1587 alind
912 1527 1158 1608 fragmentum:

245 1639 403 1727 Nequam
435 1663 562 1704 nurum
588 1652 660 1715 est,
690 1662 796 1704 auree
818 1641 909 1726 quod
929 1645 966 1704 ci
986 1643 1213 1709 vehementiae

1012 1759 1168 1825 ambitss.

200 1874 285 1940 Hinc
314 1875 387 1940 satis
421 1888 533 1958 patet,
562 1874 595 1936 in
615 1874 785 1938 auaritiam
811 1887 844 1938 et
861 1873 1027 1938 ambitum
1044 1877 1110 1941 hoo
1128 1877 1209 1941 libro

197 1991 342 2077 graviter
373 1992 539 2057 inuectum
570 2010 635 2053 esse
658 1994 801 2072 poetam.
848 1989 997 2053 Tandem
1022 1992 1063 2053 de
1081 1993 1205 2055 adulte·

199 2110 250 2175 rio
277 2123 388 2172 actum
411 2121 443 2172 et
463 2121 616 2171 mutuam
634 2109 730 2189 hujus
752 2106 798 2169 rei
815 2106 901 2168 inter
921 2108 1074 2192 conjuges
1095 2127 1208 2190 expro-

200 2222 387 2285 brationem
404 2227 541 2285 relatam
562 2241 646 2297 esse,
663 2223 751 2284 haud
774 2221 883 2303 inepta
904 2220 1043 2302 suspicio
1064 2234 1114 2285 est
1125 2220 1150 2285 l,

244 2337 438 2401 Intermissis
458 2337 561 2400 tribus
584 2337 740 2419 proximis
763 2336 873 2412 libris,
896 2337 1079 2421 dequibus
1104 2338 1207 2402 hario-

199 2455 259 2518 lari
273 2456 371 2537 hujus
390 2455 452 2517 loci
475 2475 542 2516 non
563 2465 626 2528 est,
650 2453 818 2538 pergimus
838 2457 880 2516 ad
896 2453 1085 2543 nonum5.
1108 2455 1155 2518 De
1172 2474 1206 2517 co

197 2573 278 2638 haec
292 2569 453 2633 Isidorus:
479 2593 497 2636 n
510 2567 814 2654 Orthographiam,
832 2570 854 2634 i.
876 2590 905 2634 e.
925 2568 1126 2651 scripturam
1138 2591 1206 2635 rec·

196 2705 290 2765 tam,
323 2700 437 2751 contre
471 2686 671 2768 imperitiam
704 2684 916 2749 librariorum
948 2685 1095 2753 Lucilius
1114 2691 1205 2769 podia

195 2807 346 2888 primum
370 2803 497 2886 scripsit
510 2801 536 2868 6.
550 2822 569 2863 »
594 2802 738 2869 Maxime
759 2801 973 2866 memorabile
990 2791 1055 2867 boc
1066 2825 1131 2869 esse
1143 2815 1204 2867 ter·

109 2986 112 2991 ,
200 2920 399 2994 timonium,
422 2940 521 2984 nemo
542 2919 695 3005 negabit;
726 2941 803 2983 nam
822 2920 953 3005 signum
966 2920 1207 3002 primussustu·

189 3078 193 3085 .
221 3062 499 3083 M——t—

232 3129 245 3164 ι
283 3113 331 3163 Fr.
348 3113 403 3166 inc.
421 3112 466 3165 16.

231 3227 246 3261 2
282 3198 322 3260 ra.
341 3209 386 3261 62.

229 3304 247 3356 5
281 3306 329 3358 Fr.
349 3305 405 3355 ine·
425 3303 470 3374 59·
505 3303 666 3371 Cf.eup.p
697 3307 760 3361 142.

227 3401 246 3454 l
279 3403 447 3453 Reuvens
468 3399 624 3451 Colleetan.
640 3401 719 3453 liter.
737 3418 766 3468 p.
786 3415 829 3470 19.

227 3496 244 3548 5
279 3497 323 3548 De
340 3493 393 3548 hcc
414 3495 488 3548 libro
505 3494 641 3562 disputari
663 3503 791 3564 coeptum
812 3513 893 3561 esre,
910 3493 1146 3565 laeluacognori.
1162 3494 1205 3550 Gi.

167 3599 170 3602 ’
197 3594 399 3657 Schmidt,
432 3593 541 3646 Lucilii
564 3593 748 3656 Satirarum,
780 3610 853 3664 quae
877 3594 911 3644 de
934 3594 1028 3645 1.·ΙΧ
1042 3601 1210 3663 cuper-runt,

193 3689 333 3759 disposita
357 3697 387 3739 et
414 3687 568 3739 illustrata
584 3705 644 3755 pgg.
662 3689 715 3752 42,
734 3687 765 3741 4.
798 3688 840 3739 Ex
860 3705 891 3740 ec
910 3697 1142 3757 programmatnm
1159 3706 1211 3758 ge-

191 3798 257 3834 nere
273 3781 326 3835 hcc
343 3781 476 3848 scriptum
493 3798 562 3845 esse,
583 3782 659 3851 quod
674 3783 763 3836 latera
779 3785 909 3838 mortales
926 3783 1045 3848 debent,
1066 3785 1207 3838 valdedo·

191 3879 245 3934 luo'.
266 3876 467 3946 Septemdecim
492 3879 640 3946 fragmenta
659 3896 692 3931 co
708 3879 845 3932 illustrata
863 3887 944 3946 annt3
971 3880 1115 3946 sedecim,
1135 3899 1204 3951 quea

191 3978 349 4041 recubant,
368 3991 432 4027 num
450 3991 522 4028 novo
539 3983 737 4044 programmate
755 3983 869 4030 tractata
887 3977 963 4041 sint,
984 3978 1091 4033 nascio·

223 4078 241 4131 ⁶
275 4075 388 4126 Frustra
409 4072 533 4142 quaesivi
552 4073 651 4126 locum.
680 4071 747 4133 vid,
767 4093 793 4140 p.
817 4074 865 4130 152
882 4084 959 4128 nota.
994 4074 1040 4131 Cf.
1066 4077 1161 4131 Vere·
1179 4077 1209 4128 de

188 4182 252 4228 crte
265 4190 311 4243 gr.
332 4173 416 4242 (opp.
437 4169 466 4222 ll
485 4187 514 4237 p.
533 4172 610 4239 216).
