2580 4756
621 384 682 444 170

143 562 282 626 vicinam
317 560 433 622 urbem
461 570 516 620 aut
535 557 695 637 oppidum
713 556 829 619 oborta
853 567 949 619 nocte
968 558 1148 642 contingere

144 679 337 758 desperaret.
384 671 473 756 Quin
497 685 698 754 pernoctasse
735 672 834 735 etiam
855 673 917 736 sub
949 674 1005 738 dio
1028 675 1147 739 videtur

142 807 175 857 et
198 791 333 856 emisisse
359 791 415 874 qui
440 791 528 876 ligna
547 800 759 873 quaererent:
784 789 841 874 qui
865 812 971 875 quum
997 813 1033 855 re
1050 791 1146 856 infec-

144 923 175 975 ta
200 909 365 984 redirent,
388 908 512 990 jussisse
536 928 677 988 puerum
703 909 854 991 frangere
875 909 982 971 calam
1006 920 1044 972 ut
1067 911 1146 972 calc-

142 1042 212 1102 ret,
233 1025 290 1108 qui
315 1022 436 1107 frigore
464 1026 532 1106 jam
553 1022 796 1104 obtorpesceret
809 1023 834 1086 ¹.
870 1024 963 1087 Licet
986 1045 1064 1088 vero
1082 1024 1145 1088 Lu-

143 1143 232 1208 cilius
245 1139 447 1222 potissimum
463 1140 496 1201 in
509 1141 571 1201 hoc
583 1152 779 1223 argumento
791 1153 933 1203 versatus
953 1141 1020 1216 sit,
1043 1155 1143 1205 tamen

142 1258 255 1323 tertius
279 1257 361 1321 liber
384 1257 507 1320 itineris
531 1256 744 1337 descriptione
767 1277 834 1319 non
864 1257 1033 1322 absolutus
1059 1259 1143 1322 fuisse

140 1376 203 1440 dici
221 1388 335 1457 potest.
359 1375 491 1438 Etenim
512 1376 627 1437 eodem
655 1374 689 1437 in
710 1374 919 1439 emendandis
936 1376 1014 1440 locis
1035 1376 1142 1440 Accia-

140 1494 206 1568 nis,
232 1482 386 1554 Ennianis
404 1504 436 1553 et
461 1489 647 1554 Pacuuianis
664 1504 837 1572 occupatus
861 1491 956 1555 fuisse
977 1496 1083 1557 fertur
1093 1492 1116 1557 ².

184 1607 285 1671 Libro
302 1619 448 1690 quarto
471 1606 610 1670 divitum
631 1606 797 1671 luxuriam
809 1619 841 1670 et
854 1607 932 1671 vitia
943 1610 1108 1695 castigavit
1116 1609 1139 1671 3.

182 1723 311 1805 Duplex
334 1723 409 1786 libri
427 1723 561 1806 quinti
581 1735 814 1808 argumentum
837 1724 1001 1790 novimus.
1046 1726 1140 1791 Nam·

137 1861 201 1924 que
235 1851 365 1922 questus
385 1859 423 1901 eo
443 1838 561 1902 dicitur
576 1860 653 1901 cum
669 1839 793 1915 amico,
817 1844 906 1923 quod
921 1844 964 1905 ad
978 1865 1013 1906 se
1037 1863 1140 1929 aegro

137 1968 262 2018 tantem
276 1974 342 2016 non
360 1955 475 2019 viseret
487 1952 514 2018 4.
540 1954 708 2031 Amicum,
722 1976 822 2039 quem
836 1960 1057 2040 compellavit,
1070 1961 1140 2022 rbe-

137 2084 243 2134 torem
256 2070 362 2146 fuisse,
378 2071 455 2134 scite
467 2071 642 2153 suspicatus
656 2081 703 2134 est
713 2069 855 2157 Scaliger
866 2073 900 2150 ⁵3
914 2097 993 2145 narn
1008 2098 1047 2139 ex
1066 2099 1141 2160 que·

137 2187 294 2251 rimoniae
312 2190 516 2275 fragmento,
544 2191 632 2270 quod
644 2201 810 2253 servatum
823 2204 889 2267 est,
913 2207 1051 2275 apparet
1071 2194 1139 2256 irri-

136 2304 209 2368 sisse
239 2309 371 2387 poe'tam
398 2305 592 2386 παρίσωσιν,
625 2325 707 2386 quae
725 2305 759 2367 in
779 2308 898 2372 deliciis
917 2310 1016 2373 amici
1038 2310 1139 2374 fuerit.

138 2418 243 2484 Simul
257 2420 360 2501 carpit
379 2423 566 2504 fragmento
584 2421 693 2502 primo
710 2424 870 2488 amicitiae
881 2427 1140 2502 inconstantiam,

136 2539 240 2622 quod,
264 2557 443 2601 commune
456 2538 642 2620 aequalibus
653 2540 715 2603 suis
729 2542 857 2618 vitium,
870 2544 898 2606 ei
912 2543 971 2627 qui
983 2559 1078 2610 antea
1087 2545 1142 2609 sibi

135 2651 258 2716 amicus
267 2653 670 2734 fueratopprobriovertit.
685 2656 1141 2744 Potesttamenjocosedictum

136 2769 248 2851 accipi.
277 2767 446 2845 Perhibet,
459 2792 497 2833 eo
509 2773 662 2853 perfidiae
675 2777 795 2839 multos
807 2778 936 2843 evasisse
948 2792 1002 2857 ut,
1016 2781 1142 2864 quibus·

136 2905 213 2947 cum
232 2884 390 2948 amicitiae
403 2886 710 2973 benevolentiaeque
735 2891 865 2956 vinculo
876 2896 984 2977 juncti
997 2898 1142 2972 fuissent,

134 3062 354 3113 ·--—-3··—‘-

169 3235 181 3270 r
220 3220 334 3288 Fragm·
354 3219 413 3284 ΙΙΙ,
432 3222 476 3274 34.
502 3227 553 3277 Fr.
573 3228 628 3279 inc.
649 3230 709 3283 158.
742 3233 811 3282 Cala
824 3236 969 3302 quamvis,
992 3237 1141 3306 interprete

138 3317 262 3368 Servio
274 3317 314 3367 ad
337 3317 366 3367 V
364 3317 418 3387 irg.
438 3320 512 3372 Aen.
524 3320 581 3386 vl,
603 3340 629 3387 1,
648 3325 769 3378 militare
780 3329 945 3385 vocabulum
954 3334 990 3385 sit
1000 3341 1030 3385 el
1035 3336 1142 3403 fustem

132 3412 280 3481 significet,
300 3429 383 3482 quern
408 3431 501 3470 servus
514 3417 654 3474 dominum
671 3440 787 3491 sequens
798 3424 832 3474 ad
843 3427 981 3492 proelium
997 3432 1141 3496 portabat,

133 3513 222 3561 lamen
246 3507 327 3577 hujus
344 3509 399 3562 loci
422 3529 479 3565 este
496 3516 609 3581 potuit,
640 3519 703 3586 quia
733 3519 861 3575 adversus
877 3522 1017 3577 latronam
1036 3525 1144 3579 insidias

136 3611 164 3656 et
180 3605 313 3671 impetum
330 3606 392 3659 telis
409 3626 478 3677 opus
495 3620 563 3667 erat.
599 3617 748 3669 Servius
768 3625 858 3673 aulem
879 3620 919 3671 itu
935 3623 1038 3687 partim
1056 3624 1144 3675 inter·

132 3707 258 3767 pretatur
275 3718 403 3756 versum:
423 3724 440 3756 o
452 3726 525 3777 puer
537 3746 546 3775 ,
554 3713 664 3782 frange
673 3714 774 3784 furtes
790 3725 820 3768 et
827 3717 1005 3788 suesorum.

168 3815 184 3848 2
219 3797 325 3849 Auct.
343 3804 522 3865 postcomm.
544 3810 624 3878 Cruq·
642 3826 674 3875 p.
685 3811 746 3880 691.
766 3810 811 3863 ct
827 3811 1141 3880 Gelliusllllllflr.

167 3894 184 3945 ὅ
220 3893 287 3947 vid.
306 3913 367 3962 sup.
385 3915 413 3964 p.
432 3902 490 3958 126.

166 3991 184 4042 t
220 3989 278 4057 Sup
312 3990 406 4058 plia.

165 4082 181 4133 5
218 4087 433 4142 Aurea-Lem-
453 4092 481 4128 ¹¹
523 4093 576 4128 ⁴¹·
605 4094 668 4153 ¹³6.
700 4094 747 4151 Cf.
763 4114 826 4167 sup.
844 4117 870 4166 p.
890 4118 950 4172 1²9·
