2580 4756
620 328 662 393 tt

815 543 860 559 --
882 517 915 571 et
925 507 1018 594 J‘um

185 627 361 716 Conjicerc
381 629 420 692 iu
441 648 560 690 rursm
582 623 715 691 dietum
733 628 911 712 praeconi’
934 625 1093 693 volebam

185 743 301 811 Groui
314 747 340 812 ¹.

140 864 199 929 ubi
221 862 357 941 Carrio,
376 866 451 950 jure
467 886 510 929 an
532 863 650 947 injuria
670 862 796 940 nacto,
816 860 932 929 Granii
951 864 1061 930 iaoeta
1081 862 1144 929 ‹iic-

139 997 213 1049 tum
230 986 270 1049 de
293 983 433 1071 inglorio
452 980 556 1049 &mi
579 982 749 1049 tribunatu
769 980 935 1070 cogitabat
944 981 975 1050 ².

185 1101 337 1188 Reliqui,
380 1123 400 1167 a
427 1099 582 1167 Suetonio
607 1099 805 1178 memorati,
839 1118 956 1168 vereor
990 1114 1030 1167 ut
1062 1112 1143 1169 rents

140 1219 176 1285 in
198 1220 409 1287 familiarium
439 1232 570 1285 coetum
598 1221 802 1285 referantur.
845 1214 975 1284 bocum
1007 1219 1079 1304 ejus
1096 1220 1146 1287 tlt·

139 1340 303 1416 scribam,
328 1358 395 1424 quo
417 1337 618 1403 manifestior
636 1337 679 1402 sit
698 1335 892 1402 emendandi
908 1335 1005 1404 ratio.
1030 1336 1145 1407 ossac·

143 1471 237 1525 tenus
270 1471 383 1523 tamen
413 1456 531 1522 imitati
565 1455 678 1547 (ructui
709 1452 899 1522 Cratetoum
915 1453 1092 1545 morem),
1111 1468 1145 1527 ut

141 1577 309 1654 carmina,
342 1596 461 1661 parum
489 1577 596 1641 adhuc
628 1574 815 1661 divulgata,
836 1576 889 1639 vel
912 1575 1144 1643 detunctorum

140 1697 346 1775 amicornm,
364 1694 605 1780 velsiquorum
617 1694 757 1760 aliorum
771 1692 982 1778 probassent,
1007 1695 1145 1781 diligen-

141 1817 204 1882 tius
225 1828 457 1893 retractarent,
483 1835 521 1879 ac
544 1814 681 1900 legendo
700 1813 1021 1899 commentandoqua
1050 1813 1144 1883 etism

141 1935 273 2000 caeteris
295 1947 372 1999 nota
401 1937 558 1999 iacerent:
591 1945 629 1998 ut
649 1929 687 1998 C.
708 1928 899 1997 Octavius
922 1930 1145 2019 Lampadio

140 2051 251 2121 Naevii
274 2052 435 2119 Punicum
464 2051 588 2116 bellum
604 2071 665 2128 -3
698 2061 737 2115 ut
754 2062 865 2135 postea
892 2047 936 2136 Q.
965 2048 1147 2141 Vargun-

140 2172 246 2254 tejus
267 2169 408 2237 Annales
430 2169 551 2246 Ennii,
574 2188 674 2254 quos,
696 2168 790 2234 certis
812 2167 946 2261 diebus,
969 2167 1006 2234 in
1030 2190 1145 2259 nngns

141 2287 347 2374 frequentia,
370 2285 628 2371 pronunciabat;
652 2300 691 2352 ut
719 2287 879 2353 Laelius
900 2285 1144 2365 Archelaus,

139 2406 385 2492 Vectinsque
410 2404 663 2472 Philocomus
694 2404 812 2471 Lucilii
828 2417 967 2492 satyras,
980 2407 1145 2475 familiaris

139 2530 205 2596 sui:
229 2549 309 2614 quas
325 2525 435 2615 legisse
452 2546 485 2591 se
501 2526 588 2610 apud
605 2522 804 2591 Archelaum
828 2523 1002 2611 Pompeius
1014 2525 1145 2595 Lenn-

140 2669 200 2727 us,
243 2650 331 2734 apud
364 2644 593 2714 Philocomum
619 2642 770 2711 Valeriae
800 2641 882 2710 Cato
913 2644 1143 2729 medicant.»

139 2767 314 2835 Promtnm
345 2779 392 2833 est
416 2765 546 2845 ridere,
570 2764 731 2831 diversam
749 2763 910 2829 munnam
932 2762 1029 2830 fuisse
1053 2786 1146 2832 oom-

140 2888 403 2955 mendandorum
431 2884 528 2951 Ennii
558 2883 737 2950 Annalium
760 2862 794 2948 et
815 2880 931 2947 Lucilii
953 2882 1144 2951 taurorum:

140 3004 211 3069 illos
237 3003 326 3069 enim
362 3001 493 3087 publice
522 3001 557 3065 in
588 3022 708 3088 magna
724 3000 897 3066 hominum
923 3019 1044 3068 corona
1066 3024 1146 3089 pro·

141 3121 319 3188 nunciabat
361 3118 600 3206 Varguntajus.
636 3120 692 3183 has
731 3118 887 3203 privatim
916 3119 1011 3184 dorni
1040 3118 1144 3189 etrite⁸

141 3239 317 3308 Archelaus
340 3237 503 3324 ceterique
525 3237 741 3322 exponebant.
785 3234 913 3324 Quibus
934 3238 1041 3305 verul
1064 3260 1145 3307 nuru

171 3515 186 3556 ι
225 3499 326 3551 Luci
335 3497 356 3555 1.
377 3499 427 3550 rr.
448 3495 505 3560 xl,
523 3496 550 3551 6.
567 3495 613 3550 Cf.
629 3498 685 3553 inc.
693 3498 739 3569 fr.
758 3510 818 3568 179.

176 3613 192 3648 2
228 3596 344 3647 Bmend.
364 3595 389 3657 i,
408 3594 436 3648 4.

174 3693 191 3746 5
226 3691 331 3745 Ennius
360 3698 437 3744 autea
463 3691 540 3743 domi
559 3691 692 3764 surisque
719 3690 738 3743 i.
758 3709 782 3744 a.
812 3697 843 3745 ut
874 3696 948 3744 recte
970 3709 1021 3745 nos
1041 3693 1146 3746 monuit

141 3790 196 3843 Fr.
224 3790 374 3841 nister
413 3787 549 3857 (baitrei.
564 3788 595 3859 s.
617 3787 682 3841 ΑΗ.
708 3788 776 3844 1840
792 3806 829 3841 no
855 3787 914 3858 45)
939 3790 1014 3842 dorni
1036 3808 1103 3844 suae
1119 3797 1146 3844 ct

138 3887 168 3938 in
179 3884 275 3938 alienis
288 3883 415 3936 ‹loinihus
432 3883 574 3938 docuerat.
609 3883 654 3938 Gi.
663 3887 707 3938 De
716 3886 765 3938 ΙΙΙ.
783 3890 831 3939 Gr.
849 3902 861 3940 r
893 3886 979 3954 Cujus
990 3887 1141 3955 exemplum

140 3992 231 4038 utrum
253 3983 281 4035 hi
298 3981 408 4036 omniuo
426 3983 525 4047 monti,
547 3999 580 4035 an
598 3982 673 4036 domi
692 3989 795 4037 tanturn
816 4002 879 4038 suae
899 3986 1016 4038 docendi
1032 4004 1142 4041 munere

139 4082 227 4136 suncti
250 4083 326 4145 sint,
350 4085 507 4149 conputet.
