2580 4756
593 369 633 431 53

108 566 199 630 posse
216 542 258 608 ab
278 565 336 620 ea,
357 564 457 627 quam
478 543 645 629 Appianus
668 547 755 628 prius
773 547 985 624 memoravit,
1009 568 1108 632 quae·
1147 603 1150 607 .

109 666 248 729 randum
265 683 374 746 ponc,
389 665 553 746 quomodo
565 667 680 728 lavasse
698 664 849 730 tribunus
872 687 988 752 agrurn
999 666 1111 749 puhli-

103 803 187 846 cum
211 780 358 867 vectigali
388 778 453 844 dici
478 781 630 864 potuerit.
676 782 766 847 Istud
788 784 898 848 lavare
919 783 998 869 quid
1016 797 1110 861 esset,

107 901 261 988 indagare
287 899 395 965 omisit
417 901 560 965 Rudorff
578 914 610 966 et
632 902 765 967 tollendi
789 904 816 967 ei
836 901 1104 990 significationem

107 1019 333 1103 properantius
341 1019 457 1083 tribuit
469 1019 495 1084 1.
518 1019 710 1085 Prudentius
743 1021 823 1086 Zeiss
846 1025 886 1087 da
911 1036 999 1087 certo
1030 1044 1111 1107 quo·

106 1139 185 1202 darn
222 1138 322 1201 modo
366 1137 573 1222 vectigalibus
600 1138 771 1221 imposito,
812 1160 879 1203 non
910 1142 949 1203 de
979 1140 1110 1205 sublatis

107 1254 320 1341 vectigalibus
331 1253 454 1337 accepit
467 1253 493 1316 2.
518 1255 666 1339 Eamque
692 1277 803 1319 reram
827 1273 890 1320 esso
920 1257 1112 1340 interpreta-

106 1372 231 1437 tionem
245 1371 374 1437 defendi
396 1384 523 1456 potest,
547 1372 624 1457 quia
647 1371 759 1438 Cicero
783 1373 928 1439 distinxit
951 1376 1061 1440 lavare
1080 1390 1112 1442 et

108 1492 270 1557 liberare.
315 1489 399 1555 Nam
423 1490 478 1555 etsi
501 1492 541 1555 dc
563 1513 635 1556 aere
654 1492 756 1556 alieno
785 1495 871 1576 apud
902 1515 979 1557 eum
1005 1516 1112 1558 sermo

106 1610 201 1688 sit3,
233 1610 280 1674 nil
313 1609 419 1674 obstat
453 1610 627 1694 quominus
652 1611 739 1675 idem
759 1611 930 1675 discrimen
962 1613 1111 1697 quamvis

107 1729 143 1792 in
176 1750 248 1794 rem
272 1729 451 1793 conveniat.
497 1727 586 1813 Quin
609 1728 775 1812 usurpavit
801 1728 949 1796 liberare
972 1734 1016 1799 dc>¹
1033 1750 1111 1794 vec-

107 1847 260 1933 tigalibus
283 1847 353 1934 agri
376 1844 547 1930 pubiici43
575 1847 768 1931 quominus
791 1847 1007 1912 dubitandum
1030 1847 1110 1932 quin

107 1967 185 2032 data
202 1965 301 2050 operd
327 1966 437 2030 levare
458 1965 627 2038 minuendi
650 1986 742 2030 sensu
765 1966 916 2048 posuerit.
941 1965 1025 2031 Huic
1036 1987 1113 2031 vcro

107 2083 368 2168 interpretationi
401 2083 472 2148 ride
506 2104 606 2168 quant
630 2085 759 2148 faveant
784 2084 924 2168 Appiani
946 2088 1053 2161 locus,
1082 2098 1114 2149 et

109 2203 241 2268 tabulae
273 2204 467 2288 fragmenta.
512 2200 708 2269 Lavabatur
738 2202 826 2266 enirn
861 2225 947 2290 ager¹
964 2203 1114 2287 publicus

107 2319 337 2408 vectigalibus,
373 2319 496 2405 quippe
527 2320 561 2383 in
592 2319 760 2404 privatum
782 2323 962 2385 maximam
986 2335 1114 2405 partem

102 2447 348 2515 commutatus,
367 2439 418 2503 cui
430 2435 489 2522 ipsi
502 2458 586 2507 nova
597 2438 745 2522 imposita
756 2452 858 2504 erant.
882 2438 993 2524 Neque
1004 2453 1114 2504 tamen
1214 2499 1216 2505 .

102 2559 300 2624 liberatum
322 2578 439 2644 agrum
453 2556 623 2640 publicum
637 2578 700 2621 esse
710 2556 885 2620 existimari
897 2570 1021 2640 potest:
1035 2579 1112 2620 nam

104 2691 276 2762 supererat
309 2676 487 2760 scriptura,
514 2697 597 2760 quae
619 2673 890 2759 imperabatur-iis
913 2675 1023 2759 quiin
1043 2696 1114 2758 pas·

108 2797 177 2862 cuis
196 2794 334 2881 publicis
354 2796 463 2878 plures
486 2795 624 2878 pecudes
648 2814 748 2877 quam
770 2796 881 2857 decem
902 2792 1033 2879 majoris
1053 2815 1114 2878 pa-

99 2915 193 2982 ·coris
215 2927 248 2979 ct
268 2912 508 3000 quinquaginta
520 2910 656 2976 minoris
672 2925 838 2994 pascerent
849 2910 875 2977 ⁵.
908 2911 981 2994 Ipsa
1000 2927 1111 2978 autem

108 3038 163 3100 lex
185 3032 376 3098 nonnemini
406 3034 471 3096 lata
494 3031 558 3096 visa
587 3043 634 3096 est
655 3031 690 3094 in
710 3051 761 3095 eos
785 3031 841 3116 qui
858 3053 977 3122 agrum
1000 3033 1113 3116 publi-

96 3174 189 3219 ·cum
222 3164 278 3217 aut
300 3163 524 3234 occupassent,
550 3162 606 3214 aut
634 3149 668 3213 in
705 3171 783 3218 eum
816 3150 1022 3234 protulissent
1042 3173 1114 3217 suos

98 3274 210 3349 fines,
233 3284 291 3336 aut
306 3271 401 3336 illurn
423 3271 578 3355 privatim
606 3284 791 3353 pascerent,
825 3284 881 3334 aut
908 3271 970 3335 alia
992 3272 1115 3336 ratione

75 3481 79 3490 Ι
110 3391 298 3456 minuerant
318 3387 345 3456 ⁶.
389 3387 452 3454 Sed
484 3388 633 3453 satisfecit
673 3388 753 3453 Zeiss
784 3389 823 3452 da
852 3389 929 3475 legis
962 3391 1109 3454 terendae

145 3628 158 3666 ι
196 3628 225 3679 p.
241 3609 285 3665 50.
304 3610 349 3664 Cf.
366 3583 575 3664 Burmann
593 3612 624 3663 de
641 3611 758 3682 vactigg.
774 3629 805 3680 p.
822 3612 862 3662 Ii.
881 3627 907 3677 p·
926 3608 971 3668 46.

147 3729 163 3764 2
198 3707 288 3776 p·13.

147 3805 164 3857 3
197 3808 272 3876 Epp.
293 3805 331 3856 ad
345 3804 409 3861 Art.
427 3802 484 3870 Vl,
504 3825 532 3870 2,
549 3805 585 3858 4:
606 3806 713 3858 multae
731 3805 862 3857 civitates
879 3806 955 3857 omni
966 3805 1109 3858 cerealic-

112 3902 900 3967 naliberatae,maltaavaldeleoataesunt.

147 3999 165 4053 4
199 3999 427 4070 Eod.1,19,4.

147 4095 165 4149 5
200 4097 495 4165 Zeissl·1.p.12.

148 4192 166 4245 6
200 4193 290 4246 Bcci
301 4193 349 4245 cd·
370 4196 408 4247 ad
427 4195 482 4247 Cic.
502 4195 536 4246 de
559 4196 636 4246 Orat.
658 4192 699 4262 ΙΙ,
718 4209 751 4264 70
769 4208 797 4258 p.
816 4191 876 4244 too.
