2580 4756
628 335 667 396 21

136 525 320 579 statuamus
352 513 436 596 ejus,
469 532 569 597 quem
590 512 653 576 Dio
682 515 901 591 memoravit,
926 515 1076 580 excidisse
1093 519 1161 607 hoo

136 632 208 717 ipso
226 634 299 697 loco
320 631 530 696 librariorum
549 631 646 715 culpa
670 630 883 700 mentionem.
930 633 1043 720 Neque
1063 628 1154 700 enim

136 751 284 816 alienum
303 750 432 814 videtur
452 743 652 825 existimare,
681 749 894 828 Ciceronem,
915 775 956 816 ne
978 754 1025 830 is,
1050 775 1151 839 quem

135 881 290 953 posuerat
301 912 310 944 ,
320 867 424 932 Titius
438 889 513 931 oum
533 871 635 933 altero
645 868 750 946 Titio,
766 870 844 956 legis
858 870 1000 935 Fanniae
1011 867 1151 947 suasore,

135 988 230 1070 eujus
244 987 397 1050 omiserat
410 987 612 1050 mentionem
624 1008 682 1051 suo
704 989 775 1052 loco
794 991 916 1066 lacere,
938 986 1153 1053 ternereoon'·

136 1102 353 1181 funderetur,
375 1125 488 1168 cavere
502 1098 635 1169 voluisse
652 1117 686 1169 et
705 1107 744 1169 de
757 1126 813 1182 eo,
836 1127 919 1190 quae
936 1106 1072 1170 dicenda
1093 1108 1152 1169 ha·

133 1222 236 1288 bebat
258 1222 416 1307 nobisque
435 1237 560 1289 servata
582 1238 669 1300 sunt,
680 1224 805 1289 dixisse.
825 1221 921 1308 Quod
934 1225 1083 1311 eomagis
1095 1225 1149 1288 in-

133 1343 240 1404 ducor
262 1354 300 1406 ut
313 1343 467 1417 credam,
489 1363 556 1426 quo
576 1342 754 1407 evidentius
776 1343 843 1426 ipsa
866 1341 966 1407 verba
978 1343 1157 1426 pristinam

134 1460 342 1544 eloquentiae
359 1475 499 1525 aetatem
518 1465 675 1527 referunt.
700 1461 832 1526 Etenim
848 1508 856 1539 ,
870 1464 959 1546 quod
970 1475 1002 1525 et
1018 1456 1153 1526 Graecis

133 1577 239 1641 literis
252 1590 285 1641 et
296 1599 356 1642 usu
369 1578 487 1643 forensi
500 1572 635 1643 caruisse
647 1571 858 1663 perhibetur,
873 1601 911 1644 eo
930 1579 1043 1643 referri
1056 1571 1150 1662 puto.

134 1695 184 1763 Ut
202 1685 313 1780 paucis
334 1683 520 1773 absolvam,
552 1699 632 1762 haec
658 1698 739 1760 mihi
767 1698 895 1763 videtur
921 1699 982 1761 loci
1005 1698 1153 1760 maxime

132 1813 314 1898 probabilis
344 1815 524 1879 restitutio:
553 1813 726 1900 Ejusdem
756 1813 837 1901 fere
869 1817 1035 1900 temporis
1070 1813 1151 1896 fuit

130 1931 174 2030 10.
200 1932 375 1997 Titius—
395 1922 592 2019 Antiquior
610 1932 690 2019 fuit
714 1955 810 2018 eques
831 1930 1009 1996 Romanus
1034 1933 1069 1998 C.
1086 1923 1118 1999 T
1115 1937 1146 1998 i-

134 2052 235 2127 tius‚
266 2053 330 2137 qui
346 2073 417 2115 meo
428 2039 574 2136 judicio
588 2087 644 2115 —.
691 2049 779 2114 Haeo
808 2051 942 2135 quidem
974 2053 1070 2134 plura
1091 2074 1148 2115 ne·

133 2156 221 2232 cesse
240 2167 340 2231 habui
362 2159 489 2234 deloco
510 2169 669 2251 impedito
680 2188 827 2245 monere,
842 2181 890 2246 ut,
909 2168 943 2231 in
960 2190 1026 2254 quo
1046 2171 1148 2256 scrip-

133 2297 171 2349 to
194 2259 397 2350 notationem
425 2299 616 2370 temporum
640 2279 883 2374 diligentissime
902 2281 1087 2369 persecutus
1108 2288 1149 2352 sit

135 2400 271 2482 Cicer0,
293 2406 429 2492 gravius
447 2406 566 2494 vitium
588 2406 786 2472 commisisse
808 2429 850 2470 ne
870 2407 1047 2472 rideretur.

178 2520 322 2587 Faciunt
345 2523 447 2610 igitur
470 2527 572 2600 haec,
594 2538 632 2589 ut
651 2547 710 2589 sua
729 2518 923 2610 Hieronymi
948 2523 1054 2588 verbis
1068 2525 1147 2588 fides

131 2652 207 2706 stet.
226 2638 403 2727 Pergamus
419 2643 491 2727 jam
509 2655 608 2728 atque
620 2643 821 2729 indagemus,
840 2662 923 2704 num
936 2653 1149 2705 verastatue-

133 2757 202 2834 rit,
223 2758 282 2843 qui
295 2759 411 2824 Lucilii
433 2773 577 2824 mortem
591 2752 644 2824 'ad
661 2780 786 2824 annum
800 2760 861 2823 651
881 2755 973 2847 (103)
988 2758 1147 2822 retulerit.

136 2873 213 2961 Qua
231 2875 266 2939 in
288 2897 324 2940 re
344 2879 424 2941 haec
448 2877 511 2942 tria
525 2890 623 2941 erunt
644 2876 893 2940 consideranda:
915 2875 1064 2959 primum
1080 2895 1149 2961 quo

135 2985 227 3058 anno
252 2995 463 3060 testinata
484 3001 612 3086 rogatu
636 2999 705 3072 sit,
726 3019 831 3084 quom
855 2997 1060 3058 memoravit
1073 2993 1149 3059 Lu·

134 3106 268 3189 silius,
300 3114 443 3178 alterum
474 3135 559 3178 num
576 3112 683 3200 sustu
718 3115 768 3176 sit
806 3135 828 3176 a
853 3111 1011 3177 Cicerone
1045 3111 1085 3176 de
1114 3136 1151 3176 so

125 3233 214 3319 jum
231 3242 368 3295 mortuo
400 3233 439 3295 in
464 3231 571 3296 tibris
603 3231 643 3294 de
677 3243 815 3295 oratore
841 3233 991 3306 montio,
1013 3231 1149 3306 tertium

137 3341 228 3437 quid
249 3341 474 3414 'intellexerit
494 3349 686 3426 Horatius,
720 3349 902 3414 Lucilium
932 3371 1066 3412 renem
1084 3371 1151 3434 up·

129 3468 285 3556 pellam.

181 3588 307 3674 Legem
331 3586 492 3652 Liciniam
517 3588 733 3652 sumtuariam
755 3598 918 3650 memorat
952 3584 1149 3651 Macrobius.

138 3705 227 3793 Post
240 3705 393 3770 Didiam
404 3706 550 3772 Lt‘oiniu
565 3707 619 3771 lex
634 3708 713 3771 latu
728 3717 777 3770 ost
790 3728 812 3769 a
824 3703 869 3768 P.
883 3703 1025 3769 Licinio
1038 3704 1146 3769 Cras-

136 3802 176 3890 so
192 3822 317 3889 Divite
329 3823 356 3888 ¹.
385 3824 534 3910 Eamque
555 3817 676 3891 Gellius
701 3827 833 3890 laudans
854 3824 964 3888 addit:
986 3823 1154 3888 Lucilius

174 4126 185 4162 ι
228 4111 348 4163 Solum.
367 4109 406 4175 ll,
430 4113 471 4178 ιδ,
