2580 4756
590 375 662 436 ’65

136 553 282 637 turpiter
304 554 466 637 neglectae
495 549 701 628 subveniret,
739 550 870 618 constat¹
903 555 1018 637 pistori
1042 577 1074 621 se
1096 559 1143 620 lo·

134 671 281 747 cavisse,
304 669 362 733 uhi
385 669 509 734 fabulas
530 670 724 753 composuit.
756 669 839 735 Nolo
870 675 932 737 tale
950 673 1030 758 quid
1042 675 1140 764 affir—

132 811 237 854 mare
260 789 300 852 de
323 785 450 851 Lucilio
464 815 471 850 ε
485 809 563 851 nam
584 789 674 851 nullo
696 802 784 853 certo
804 789 990 854 testimonio
1007 792 1141 874 probari

133 919 266 990 potest,
290 908 435 970 velhanc
455 904 484 968 ei
512 919 581 970 tam
612 906 763 971 acerbam
793 908 1013 974 necessitatem
1042 932 1141 995 prop-

133 1039 186 1089 ter
208 1028 358 1088 fortunae
388 1021 519 1087 ruinam
537 1022 651 1098 luisse,
674 1027 725 1088 vel
747 1025 828 1090 illud
851 1039 919 1090 tam
941 1049 1039 1112 grave
1056 1050 1136 1112 sup-

134 1141 284 1227 plicium
296 1144 336 1205 de
352 1162 390 1204 eo
401 1139 646 1205 immoderatius
677 1142 712 1205 in
731 1163 836 1207 mores
856 1142 995 1208 civitatis
1012 1145 1141 1212 invecto

132 1276 286 1327 sumtum
307 1280 380 1324 esse.
426 1256 516 1343 Quin
535 1258 571 1323 in
588 1260 787 1325 contrariam
812 1262 919 1346 potius
951 1261 1138 1345 opinionem

132 1378 232 1446 facile
262 1381 461 1443 deducamur
484 1377 609 1442 Horatii
633 1379 758 1444 verbis:

179 1493 235 1562 Ne
258 1497 399 1585 longum
412 1494 578 1583 faeiem:
601 1519 660 1560 eeu
682 1520 734 1561 me
753 1500 1117 1586 tranquilleeenectus

181 1616 395 1702 Exspectat,
419 1636 477 1678 reu
499 1612 597 1678 More
620 1618 714 1680 atris
736 1619 962 1683 circumvolat
983 1619 1073 1696 alie,

179 1735 308 1811 Dirce,
332 1737 452 1820 inope,
467 1730 593 1798 Romae
605 1779 614 1811 ,
628 1734 774 1822 censore
787 1739 841 1801 ita
849 1738 1017 1823 jusserit,
1031 1741 1138 1816 erent,

182 1854 355 1942 Quisquis
379 1855 448 1916 erit
460 1854 564 1928 vitae,
587 1853 757 1929 scribam,
779 1855 882 1919 eolcr.
907 1853 978 1919 Tr.
994 1853 1023 1918 0
1038 1878 1138 1942 puer,

954 1957 1016 2012 ,ut
1040 1949 1092 2009 eir

183 2033 350 2109 Vitatis,
374 2043 504 2108 metuo,
528 2043 560 2095 et
580 2032 756 2118 majorum
776 2054 816 2095 rte
840 2036 920 2118 quis
940 2037 1074 2098 amicus

180 2152 332 2240 Frigore
354 2162 386 2215 te
400 2149 530 2237 feriet.
553 2149 592 2214 Η
596 2172 613 2212 o
623 2172 656 2214 r.
681 2149 804 2236 Quid?
822 2174 898 2214 cum
917 2151 1141 2218 ertLucilt'ua
1213 2193 1215 2196 ⁴

987 2266 1095 2307 ausus

169 2331 331 2419 ¹Primus·
342 2333 382 2394 ire
402 2329 613 2415 laevaparte
626 2351 819 2416 componere
830 2334 990 2396 carmina
1001 2356 1138 2410 morem,

632 2486 678 2497 -
698 2471 783 2511 num
805 2447 949 2513 Laelius
968 2463 1030 2514 eut
1049 2455 1112 2536 qui

180 2569 299 2635 Ducit
322 2567 365 2631 el
388 2589 547 2653 oppressa
571 2570 736 2631 meritum
760 2563 978 2655 Carthagine
989 2591 1109 2632 nomen

180 2687 329 2778 Ingenio
352 2684 500 2772 efferri?
524 2696 586 2750 eut
607 2686 696 2749 laeso
721 2684 856 2749 doluere
876 2683 1042 2751 Metelle?

179 2806 402 2892 Fame-risque
425 2803 521 2890 Lupo
544 2815 696 2890 cooperto
715 2802 899 2867 versibus?
952 2801 1066 2893 Atqui

137 2969 145 2985 .
182 2925 365 2990 Primores
384 2925 512 3011 populi
525 2925 684 3010 erripuit
693 2923 927 3010 populumque
935 2925 1103 2990 tributim
1115 2925 1140 2991 ¹.

134 3045 188 3110 Ex
208 3045 259 3108 his
271 3043 412 3108 versibus
425 3088 434 3118 ,
459 3055 495 3106 ut
513 3039 669 3128 distingui
683 3045 802 3120 solent,
827 3043 962 3107 efficitur
975 3043 1142 3110 Lucilium

134 3183 291 3230 securum
314 3171 377 3245 per
390 3182 523 3224 omnem
544 3159 646 3225 vitam
664 3160 759 3225 fuisse
771 3162 811 3224 ab
823 3159 1036 3228 inimicorum
1049 3165 1118 3228 telis
1131 3210 1139 3241 ,

136 3304 220 3368 quoe
231 3281 299 3347 stili
316 3277 490 3345 acerbitate
502 3283 735 3346 momorderat.
760 3279 822 3346 Sed
842 3284 951 3347 locum
964 3281 1028 3346 rite
1041 3285 1142 3348 consi-

137 3401 327 3468 derantibus
340 3400 401 3465 alia
411 3399 561 3484 cogitatio
574 3412 719 3463 mentem
736 3399 833 3464 subit.
858 3399 985 3465 Scilicet
997 3401 1144 3466 Trebati-

136 3543 177 3587 us
186 3519 293 3587 vereri
301 3541 333 3585 se
346 3520 480 3594 dixerat,
493 3540 534 3582 ne
545 3518 636 3604 gravi
647 3517 806 3601 supplicio
819 3516 970 3584 Horatius
982 3522 1144 3584 multare-

138 3655 218 3718 tur,
238 3641 264 3703 si
284 3640 418 3722 impune
442 3638 568 3721 quosvis
582 3637 712 3724 aggredi
737 3637 795 3700 sibi
819 3638 914 3701 licere
928 3639 1126 3704 existimaret

135 3759 303 3828 Memorat
313 3756 476 3822 Lucilium
488 3754 655 3827 Horatius,
667 3754 723 3839 qui
737 3753 898 3838 principes
916 3759 1066 3821 lacessere
1084 3782 1146 3823 au·-

138 3900 191 3943 sus
213 3878 372 3964 effugisset
395 3877 592 3959 optimatum
614 3874 705 3951 vim,
735 3896 835 3959 quem
857 3897 913 3939 nec
937 3877 1063 3941 Laelius
1087 3901 1126 3941 ne

175 4177 187 4215 ι
228 4163 292 4216 eat.
311 4159 353 4225 ll,
375 4176 400 4225 r,
419 4159 451 4232 57
470 4176 533 4227 aqqt
