2580 4756
607 352 664 416 ss:

128 533 256 597 teliexit
280 546 390 597 autern
422 531 599 607 audacem,
624 544 816 624 strenuum,
841 532 1039 615 intrepidum
1054 536 1126 594 aniss

128 673 247 727 mum,
277 651 334 735 qui
366 652 405 713 de
434 662 520 714 statu
543 670 602 714 nnc
629 669 735 733 neque
762 650 975 732 impendentis
997 649 1130 734 periculi

125 782 226 836 metu
248 791 353 853 neque
373 771 440 832 ulle
459 769 607 855 'grauiore
625 768 817 854 cogitatione
837 769 1002 832 deturbari
1017 783 1130 852 posset.

129 887 208 972 Qua
238 887 298 952 nisi
317 888 479 971 praeditus
504 887 645 963 suisset,-
661 889 753 950 nullo
772 889 871 950 modo
893 887 1035 952 resistere
1058 910 1134 952 nas·

130 1005 281 1071 centibus
311 1019 344 1069 et
374 1007 442 1090 jam
468 1004 733 1068 invalescentibus
767 1005 860 1068 malis
887 1007 1039 1089 potuisset
1051 1053 1065 1081 ,.
1077 1009 1131 1070 sed

132 1123 343 1209 acquievisset
362 1124 396 1186 in
425 1123 521 1187 tacita
541 1135 896 1205 temporumsuorum.
909 1125 1134 1208 conqueuione

138 1257 173 1306 et
196 1241 454 1326 reprehensione.
478 1241 561 1305 Eum
584 1254 694 1305 autem
717 1242 899 1305 libertatem
923 1244 1005 1306 tueri
1018 1243 1137 1306 etiarn·

136 1375 213 1425 tum
239 1359 277 1428 uc
304 1361 465 1424 ’vindicare
499 1360 616 1424 licebat
629 1403 650 1435 ‚‚
673 1362 763 1444 cujus
798 1382 846 1424 ne
861 1381 982 1424 nornen
1004 1361 1140 1445 quidem

142 1479 306 1545 Juvenulis
324 1491 432 1563 postea
454 1498 610 1561 usurpare
632 1499 724 1542 ausus
737 1478 814 1554 ‚ita
835 1492 965 1563 questus
985 1493 1050 1544 est:

655 1632 700 1646 ι·-
725 1597 820 1662 Unde
843 1599 914 1662 itta
931 1601 1096 1685 priorum

184 1717 386 1793 scribendi,
412 1716 634 1804 quodcunque
650 1720 768 1781 auimo
785 1716 965 1805 flagrante
985 1719 1104 1782 liberet
1114 1767 1130 1794 ‚.

183 1834 429 1926 Simplicitas,
453 1837 555 1923 eujus
576 1858 645 1898 nun
667 1836 774 1899 uedeo
796 1835 907 1899 dicere
929 1836 1103 1900 mmmm

138 1955 331 2022 Naturalem
363 1954 462 2041 igitur
494 1954 613 2040 ingenii
644 1954 809 2017 audaciam
838 1974 905 2017 non
936 1955 1073 2020 excitare
1107 1970 1141 2020 et

140 2076 312 2141 incendere
340 2094 408 2137 non
431 2084 558 2156 poteret
579 2072 773 2156 reipublicae
793 2073 827 2136 in
845 2073 983 2138 deterius
1006 2074 1148 2139 labentis
1202 2071 1206 2081 ’

138 2191 391 2275 contemplatio,
424 2212 524 2274 quam
554 2203 591 2255 ut
616 2204 827 2268 sustentaret,
853 2205 890 2256 ut
911 2194 1140 2277 adtpristinum

141 2311 357 2381 continentiae
384 2310 656 2394 abstinentiaeque
684 2313 814 2376 laudem
839 2325 1027 2389 revocaret,
1052 2314 1149 2376 omni·

138 2432 248 2498 studio
267 2430 352 2494 nisus
373 2440 431 2494 est.
475 2401 571 2512 Quod
593 2429 726 2513 quidem
752 2430 921 2494 sensilium
943 2451 1009 2514 quo
1029 2432 1145 2493 laude·

142 2551 239 2616 bilius
272 2548 487 2634 etesingulari
511 2548 666 2612 industria
687 2549 839 2633 tigrium·
857 2549 1073 2630 eomajnem
1095 2548 1143 2610 in-

138 2669 232 2758 genii
265 2669 333 2733 uim
362 2690 400 2732 nc
418 2667 522 2731 robur
545 2666 783 2750 voluntatisque
806 2665 1018 2729 constantiam
1037 2668 1144 2750 requi-

144 2790 249 2856 rebat.
294 2757 456 2852 Lucilium
488 2806 587 2861 vero,
616 2784 742 2848 eximiis
768 2783 884 2847 mentis
916 2784 1145 2862 facultatibus,

145 2911 234 2976 hona
260 2905 448 2990 praesertim
478 2903 579 2966 enimi
604 2903 710 2966 indole
737 2901 921 2986 praeditum
953 2915 989 2967 et
1013 2924 1148 2968 omnern

148 3026 271 3112 pariter
287 3025 479 3107 pravitatem
504 3042 659 3097 exosum,
688 3033 836 3085 unumet
846 3022 957 3086 decuit
975 3024 1147 3088 vehemens

148 3148 203 3212 ille
220 3145 360 3226 impetus
383 3154 415 3205 et
435 3162 502 3204 non
518 3140 672 3205 destituit.
717 3140 798 3204 Inde
818 3141 845 3204 ei
866 3141 1067 3205 accubitus-²
1088 3143 1150 3206 tri--

148 3264 277 3339 buitur,
299 3284 336 3326 ac
356 3261 474 3326 dicitur
487 3283 564 3324 acer
576 3273 609 3324 et
622 3261 793 3324 uiolentus
805 3260 936 3346 patrat
959 3263 1063 3330 fuisse.
1087 3262 1148 3326 Ne-

150 3407 215 3470 que
226 3383 288 3447 ulia
310 3381 495 3446 Petronio
511 3380 667 3444 sententie
677 3379 845 3444 scribenti:
871 3406 889 3446 «
903 3379 996 3444 Nunc
1010 3383 1101 3464 pueri
1115 3383 1149 3445 in

148 3503 262 3570 scholis
294 3503 434 3577 ludunt,
463 3502 596 3583 juvenes
621 3499 767 3563 ridentur
787 3499 821 3562 in
841 3501 927 3575 foro,
951 3511 984 3562 et
1004 3501 1092 3584 quod
1113 3523 1149 3564 u-

185 3839 199 3876 ι
241 3823 303 3873 Sat·
323 3818 350 3882 1,
372 3817 430 3871 151.
450 3816 641 3872 Prioribus
656 3814 930 3885 intelligitbuciiinm
941 3824 969 3869 st
985 3824 1089 3870 ‹fctcrcs
1101 3820 1147 3885 qui

155 3918 225 3972 hunc
242 3917 332 3972 secuti
348 3923 420 3969 sunt.

187 4035 204 4070 2
241 4016 375 4087 Quint.
393 4013 444 4066 tl.
529 4057 531 4060 .
1119 4029 1148 4097 (ᾧ

189 4115 206 4167 3
240 4112 411 4167 Macrob.
435 4110 669 4174 Saturn.lt,12.
