2580 4756
215 495 298 583 guis
311 493 463 558 crat-ionis
476 491 650 557 virtutibus
663 492 738 559 vitia
750 505 866 578 agnata
877 506 952 557 sunt
970 493 1041 576 pari
1058 513 1215 568 numero,

215 635 298 699 quae
336 633 450 676 earum
480 613 618 676 modum
659 624 692 675 et
724 611 873 676 habitum
894 611 1098 677 simulachris
1134 611 1215 675 falsis

213 733 446 797 ementiuntur.
491 729 544 795 Sic
582 710 775 814 plerumque
797 731 937 820 sufflati
959 743 1056 814 atque
1081 728 1215 795 tumidi

212 853 330 915 fallunt
353 870 413 933 pro
435 849 611 925 uberibus,
640 849 849 935 squallentes
871 863 904 914 et
915 850 1041 935 J'ey‘noi
1062 848 1143 913 dicti
1156 869 1214 931 pro

213 968 406 1054 gracilibus,
429 969 557 1031 incerti
579 979 611 1030 et
630 966 790 1056 ambigui
802 989 862 1051 pro
877 967 1104 1033 mediocribus,
1129 967 1216 1035 Vera

212 1100 322 1151 autem
354 1098 386 1150 ct
407 1086 539 1169 propria
558 1087 778 1170 hujuscemodi
796 1089 979 1151 formarum
1009 1089 1161 1168 exempla
1179 1084 1216 1151 iu

212 1203 329 1270 Latina
364 1204 475 1290 lingna
493 1234 494 1238 ¹
510 1202 557 1269 M.
580 1203 686 1271 Varro
702 1225 766 1269 esse
785 1203 862 1268 dicit
886 1203 1059 1268 ubertatis
1079 1203 1214 1270 Pacuvi·

213 1345 293 1399 um,
322 1294 551 1411 gracilitatis
586 1320 773 1398 Lucilium,
806 1321 1061 1387 mediocritatis
1092 1323 1215 1388 Teren·

211 1441 363 1507 numi.»
387 1439 565 1516 Videmus,
588 1439 772 1524 principem
793 1442 904 1506 locum
920 1442 954 1505 in
964 1441 1120 1528 singulari
1132 1446 1214 1526 po'e‘·

176 1581 179 1586 ·
210 1581 276 1627 scos
305 1562 413 1627 forma
437 1558 562 1624 Lucilio
592 1581 612 1624 a
632 1558 779 1625 Varrone
801 1558 965 1624 tributum
986 1581 1073 1638 esse;
1102 1564 1213 1639 unde,

208 1691 366 1769 quantam
395 1677 451 1747 ille
483 1677 665 1742 doctissimo
682 1677 751 1743 viro
778 1677 919 1745 moverit
938 1678 1211 1758 admirationem,

207 1797 342 1886 cogitari
363 1809 478 1882 potest.
502 1795 670 1875 Gracilites
687 1810 797 1862 autem
819 1820 880 1876 ea,
897 1799 989 1883 cujus
1006 1818 1124 1864 serum
1135 1820 1211 1884 pro-

204 1913 381 2000 priumque
412 1916 600 1999 exemplum
631 1913 774 1981 Lucilius
796 1915 1020 1994 existimetur,
1044 1930 1210 1983 venustate

204 2048 239 2099 et
272 2032 471 2108 subtilitate,
504 2030 609 2098 Gellio
633 2032 763 2117 judice,
789 2044 923 2099 constat.
968 2033 1115 2099 Eandem
1140 2033 1210 2101 Ms-

205 2155 298 2219 nelao
327 2151 369 2215 ab
403 2147 563 2226 Homero,
589 2149 733 2216 Critolao
760 2151 972 2237 Peripatetico
999 2150 1071 2218 aP.
1085 2153 1209 2219 Rutilio

204 2271 294 2335 Rufo
314 2281 346 2334 et
367 2265 504 2354 Polybio
515 2268 675 2333 tributam
697 2291 842 2362 narrans,
864 2270 1099 2356 interpretatur
1124 2297 1142 2340 a
1156 2295 1206 2337 co·

204 2388 357 2454 libitam
391 2385 517 2451 dicendi
548 2407 679 2472 genus»
712 2400 767 2459 et,
782 2388 853 2474 ·qui
885 2392 977 2454 scita
1013 2405 1045 2455 et
1070 2395 1206 2457 teretia

203 2506 311 2584 dicat,
346 2505 501 2594 gracilem
527 2505 651 2572 haberi.
696 2503 854 2572 Similiter
887 2506 1105 2593 Quintilianus
1140 2511 1205 2597 Ly-

201 2628 334 2691 siocem
363 2623 612 2714 gracilitatem
634 2624 822 2710 loquitur2,
857 2625 1000 2711 quidque
1025 2627 1064 2692 eia
1086 2628 1205 2697 intelli-

205 2758 261 2832 gat
295 2743 420 2828 aperit,
438 2742 495 2807 ubi
516 2763 731 2819 «sermonem
752 2765 876 2828 purum
896 2758 928 2810 et
950 2745 1032 2811 nihil
1052 2769 1086 2812 se
1108 2770 1206 2832 supra

200 2865 338 2929 modum
359 2864 599 2927 extollentem»
622 2861 794 2945 exponiti.
827 2863 919 2928 Idem
944 2864 1042 2930 etiam
1061 2867 1204 2946 docens,

200 3002 267 3077 quo
296 2982 400 3046 valeat
418 2979 535 3074 triplex
557 2979 683 3044 dicendi
704 3002 822 3066 genus,
841 2985 928 3065 quod
945 2984 1202 3065 memoraverat,

200 3097 340 3169 docendi
376 3096 517 3162 officium
549 3091 660 3183 gracili
689 3097 754 3163 sive
785 3098 897 3164 subtili
917 3101 1026 3188 generi
1046 3103 1201 3183 vindicat,

200 3240 239 3293 aa
269 3210 442 3301 praecipue
470 3217 627 3280 momine
657 3215 738 3281 illud
764 3239 784 3282 a
809 3219 920 3284 ceteris
945 3221 1070 3287 duobus
1091 3223 1201 3289 distin·

199 3336 291 3423 guit,
328 3347 360 3399 et
392 3335 529 3398 ratione
558 3334 735 3401 narrandi
757 3336 996 3424 probandique
1032 3341 1199 3406 consistere

198 3453 363 3521 contendit
375 3451 401 3518 l.
411 3489 456 3502 -—
480 3450 569 3537 Quae
579 3451 689 3520 omnia
706 3452 733 3519 si
745 3455 1021 3539 reputaverimus,
1035 3459 1127 3526 facile
1144 3458 1198 3525 in·

199 3636 476 3648 ——-----—-

231 3759 243 3793 1
283 3740 416 3802 Vll,14·
444 3737 510 3792 Vid.
532 3744 849 3813 ochterseropd.
871 3744 914 3807 ll,
936 3766 960 3808 2,
984 3764 1009 3812 p·
1031 3746 1090 3815 259.

229 3857 246 3890 2
280 3841 357 3893 Iast.
377 3841 455 3889 Orat.
475 3838 547 3900 xll,
571 3857 613 3892 10.

229 3935 246 3986 5
280 3936 441 4006 Boetho·

228 4032 247 4085 4
280 4034 510 4098 E0‹t.x11,10.
