2580 4756
711 343 752 405 ts

233 541 385 588 versuum
405 519 538 584 indulsit
551 518 562 566 ¹
576 564 585 597 ,
598 520 686 583 haud
697 539 895 605 magnopere
915 539 975 584 nos
993 518 1113 585 latebit
1140 519 1229 588 titio·

229 663 307 706 rum
325 662 439 717 causa,
461 660 544 724 quae
566 640 601 702 in
624 638 774 731 operibus
802 641 869 723 ejus
885 641 960 724 jure
983 640 1106 724 posteri
1125 661 1231 726 repre·

227 761 421 828 henderunt.
466 756 539 824 Alia
561 757 625 822 suit
646 757 788 824 Romam
812 758 938 824 reducis
950 758 1106 834 conditio.
1150 757 1230 826 Sub·

229 879 296 963 egit
322 877 409 941 enim
433 888 580 940 mentem
616 897 709 940 suam
732 874 889 954 Homeri,
913 890 946 942 et
975 878 1180 965 tragicorum
1200 900 1233 945 ac

231 996 433 1073 comicorum
463 993 688 1071 Graecorum,
719 994 800 1058 item
833 995 1030 1062 Latinorum
1064 1002 1232 1080 politorum

229 1113 379 1191 lectione.
417 1113 584 1178 Praeterea
607 1112 845 1196 philosophiam
874 1112 1077 1181 Graecorum
1101 1099 1180 1181 adiit
1200 1133 1232 1182 ao

233 1233 353 1298 coluit:
376 1233 475 1318 idque
506 1234 557 1297 vel
577 1232 652 1295 inde
674 1232 755 1296 effici
775 1244 903 1317 potest,
924 1235 1013 1317 quod
1037 1255 1118 1299 eum
1139 1233 1235 1301 clito·

233 1354 368 1416 machus
397 1350 567 1437 singularis
585 1350 662 1415 libri
688 1351 886 1416 dedicatione
906 1353 1092 1419 honoravit.
1140 1351 1234 1438 Cujus

235 1471 310 1535 libri
343 1481 576 1556 argumentum
605 1472 703 1554 quale
724 1470 845 1547 suerit,
882 1468 996 1536 Cicero
1018 1471 1115 1538 nobis
1137 1493 1234 1557 expo-

232 1591 306 1655 suit.
329 1587 479 1673 Namque
500 1588 556 1652 illo
578 1587 737 1674 significat
760 1591 870 1664 totius
885 1590 1233 1677 pbilosopbiaaCur-

231 1707 374 1774 caudeae
392 1709 552 1795 primam
572 1709 832 1772 institutionem
844 1720 875 1772 ot
890 1713 996 1796 quasi
1008 1709 1235 1798 disciplima}

234 1827 412 1904 contineri,
437 1838 534 1911 atque
553 1824 603 1891 his
627 1829 694 1890 iere
715 1826 820 1891 verbis
839 1827 998 1911 scriptum
1011 1849 1075 1894 msa
1086 1853 1139 1905 a«
1153 1828 1234 1902 Acar

234 1946 367 2011 demicis
393 1948 520 2028 placere
531 1968 550 2023 ,'
562 1967 626 2009 esse
645 1966 758 2010 rerum
782 1945 939 2029 ejusmodi
952 1945 1235 2025 dissimilitudine,

236 2077 275 2128 ut
303 2065 383 2127 aliae
404 2063 588 2146 probabiles
606 2064 797 2141 videantur,
822 2064 900 2129 aliae
919 2077 1053 2129 contra:
1077 2064 1112 2130 id
1130 2078 1235 2138 autem

234 2202 302 2246 non
331 2203 395 2246 esse
424 2181 513 2258 satis,
545 2202 603 2246 cur
623 2182 685 2246 alia
709 2203 799 2264 posse
811 2184 935 2267 percipi
958 2184 1065 2261 dicas,
1089 2186 1153 2252 alia
1173 2204 1235 2278 nor

233 2319 342 2382 posse3
378 2309 552 2381 propterea
581 2300 671 2382 quod
690 2301 797 2364 multa
825 2303 903 2367 falsa
938 2302 1122 2386 probabilia
1153 2303 1236 2381 sint.

234 2417 315 2482 nihil
342 2431 453 2484 autem
477 2417 547 2482 falsi
570 2430 763 2501 perceptum
794 2432 827 2484 et
852 2418 1022 2507 cognitum
1041 2420 1142 2506 possit
1164 2444 1236 2489 essa.

235 2537 349 2622 Itaque
373 2539 583 2604 vehementer
605 2556 805 2614 errassem,
830 2537 887 2622 qui
908 2539 1037 2614 dicant,
1061 2537 1239 2608 abAcade·

233 2659 302 2724 mia
314 2679 421 2723 sensus
441 2655 545 2741 eripi,
583 2655 738 2740 aquibus
761 2677 932 2741 nunquam
953 2657 1079 2723 dictum
1094 2659 1155 2738 sit,
1184 2672 1239 2726 aut

235 2779 396 2853 colorem,
430 2788 488 2840 aut
513 2796 663 2859 saporem
686 2787 743 2840 aut
764 2796 882 2840 sonum
902 2777 1033 2839 nullum
1048 2798 1135 2856 esse,
1158 2778 1238 2845 illud

233 2895 275 2959 sit
307 2895 527 2978 disputatum,
559 2915 626 2958 non
662 2895 760 2959 inesse
789 2896 823 2958 in
852 2894 900 2959 his
924 2895 1118 2978 propriam,
1154 2919 1240 2984 quac

234 3032 397 3097 nusquam
425 3011 501 3075 alibi
530 3023 625 3087 esset,
660 3012 727 3075 veri
747 3024 784 3075 et
802 3012 880 3075 certi
904 3025 1027 3077 notam.
1052 3051 1095 3065 -·
1116 3014 1238 3100 Dupli-

236 3131 318 3195 citer
352 3129 451 3214 igitur
487 3128 566 3204 dici,
598 3127 740 3193 assensis
760 3129 915 3194 sustinere
934 3131 1133 3215 sapientem:
1170 3155 1237 3200 uno

194 3230 197 3234 A
234 3250 352 3324 modo,
388 3266 494 3330 quum
515 3247 578 3308 hoc
611 3245 811 3332 intelligatur
834 3248 969 3314 omnino
983 3258 1060 3314 eum
1088 3252 1136 3316 rei
1157 3252 1240 3318 nulli

234 3365 396 3432 assentiri:
431 3366 548 3440 altero,
583 3384 688 3448 quum
721 3385 755 3428 se
788 3387 807 3439 a
839 3369 1062 3449 respondendo
1095 3370 1147 3459 (ut
1182 3385 1239 3436 aut

235 3486 395 3571 approbet
421 3484 522 3570 quid,
556 3494 612 3548 aut
637 3483 814 3571 improbet)
852 3487 1026 3567 sustineat;
1063 3503 1101 3554 ut
1132 3512 1242 3576 neque

235 3619 331 3692 neget
350 3604 491 3689 aliquid,
513 3624 620 3687 neque
640 3602 705 3686 ajat
716 3601 742 3667 2.
756 3624 774 3664 >i
820 3602 1029 3690 suspicamur
1052 3609 1158 3687 facile,
1183 3633 1239 3676 ra-

234 3785 512 3798 ...ῃ-.-

270 3910 281 3944 ι
321 3890 397 3973 Sup.¹
408 3909 435 3958 p.
460 3891 503 3947 ti.

269 4009 284 4044 2
319 3989 409 4041 Arari.
427 3987 468 4054 ll,
488 3988 534 4056 32,
552 4005 612 4048 toa.
633 3988 700 4046 vid.
719 4007 778 4059 sup.
798 4007 824 4058 p.
845 3991 889 4062 tp.
