2580 4756
538 363 598 426 261

63 545 265 608 sciscendum
292 557 442 622 tenipus,
468 560 534 623 quo
557 534 640 601 liber
665 542 838 602 satirarum
862 541 1074 622 priniuscon·

64 662 151 725 ditus
186 661 237 724 sit.
271 658 333 722 Sed
367 659 490 740 aliquid
525 659 603 720 lucis
636 658 702 738 peti
739 658 835 738 possit
863 681 880 720 e
905 659 1075 722 Lactantio

62 779 244 845 scribente:
269 802 288 840 c
302 774 497 849 Carneades,
512 773 722 837 Academicae
734 787 837 838 sectae
849 775 1074 857 philosophus,

64 899 157 978 cujas
183 895 217 956 in
239 894 422 956 disserendo
445 914 528 974 quae
553 892 600 955 vis
621 891 741 966 luerit,
767 913 850 973 quae
874 887 1075 975 eloquentia,

62 1012 154 1096 quod
190 1031 351 1082 acumen,
388 1009 443 1090 qui
474 1009 592 1081 nescit,
628 1009 735 1088 ipsum
771 1031 809 1069 ex
837 1006 1091 1090 praedicatione·

65 1127 231 1193 Ciceronis
256 1127 430 1208 intelliget,
456 1139 512 1188 aut
538 1125 674 1196 Lucilii,
698 1127 785 1206 apud
808 1146 908 1207 quern
921 1127 1074 1188 disserens

66 1245 237 1327 Neptunus
266 1248 305 1307 de
333 1266 368 1307 re
393 1244 581 1307 difficillima
600 1242 741 1306 ostendit
767 1265 834 1306 non
853 1265 942 1325 posse
967 1244 1001 1306 id
1021 1246 1075 1305 ex-

65 1364 204 1446 plicari,
228 1385 287 1425 nec
307 1365 341 1425 si
366 1361 574 1426 Corn-eadem
599 1365 716 1446 ipsum
729 1360 831 1423 Orcu’
846 1361 1074 1424 cantitassent

69 1480 239 1545 Manifeste
275 1483 355 1544 haec
388 1479 553 1563 pertinent
583 1483 623 1542 ad
645 1481 792 1561 primurn
814 1480 957 1543 librum:
994 1478 1076 1542 Car·

66 1601 181 1662 neades
218 1611 328 1661 autem
357 1601 493 1672 eodem,
528 1620 594 1681 quo
623 1596 754 1679 Scipi0,
780 1619 865 1666 anno
889 1599 953 1660 625
970 1595 1080 1683 (129)

65 1717 158 1780 obiit.
205 1713 314 1797 Quare
346 1728 417 1795 post
446 1737 522 1777 eum
546 1737 670 1778 annum
699 1716 883 1778 absolutum
903 1716 997 1778 fuisse
1023 1714 1078 1776 in-

67 1833 247 1916 telligitur,
272 1832 394 1905 etiamsi
416 1832 490 1894 vivo
508 1829 657 1913 Scipione
679 1832 845 1895 inchoatus
867 1831 939 1895 fuit.

110 1950 231 2013 Plinius
254 1949 290 2010 in
315 1949 448 2011 historia
468 1950 608 2012 naturali
631 1952 747 2011 refert:
773 1976 789 2015 «
805 1949 1076 2014 Pavimentacre-

67 2072 110 2130 do
144 2067 292 2149 primum
311 2069 396 2129 sacta
409 2112 417 2141 ,
432 2089 518 2149 quae
540 2088 628 2130 nunc
650 2088 802 2130 vocamus
829 2067 1000 2131 barbarica
1024 2080 1076 2129 at·
1146 2151 1149 2160 V

66 2207 131 2268 que
149 2184 399 2268 subtegulanea,
419 2185 453 2246 in
486 2185 578 2249 Italia
607 2184 729 2248 fistucis
750 2185 878 2266 pavita:
909 2188 970 2248 hoo
990 2200 1076 2249 certe

65 2323 103 2365 ex
136 2302 268 2363 nomine
288 2302 356 2383 ipso
376 2301 511 2388 intelligi
531 2315 644 2384 potest.
692 2303 816 2366 Romae
839 2307 1076 2385 scalpturatnm

66 2421 99 2480 in
124 2418 212 2481 Jovis
237 2417 411 2500 Capitolini
434 2423 510 2482 aede
534 2421 682 2501 primum
705 2424 830 2482 factum
854 2435 901 2482 est
926 2433 999 2500 post
1012 2434 1075 2482 ter-

65 2537 150 2600 tium
172 2536 331 2600 Punicum
357 2537 483 2599 bellum
506 2535 639 2599 initum.
686 2536 906 2618 Frequentata
926 2558 1077 2618 veropa-
1159 2515 1160 2519 Ἰ

66 2654 211 2717 vimenta
239 2665 313 2715 ante
345 2648 554 2716 Cimbricum
569 2658 572 2663 ’
586 2649 706 2734 magnei
727 2651 833 2735 gratid
859 2652 1072 2727 animorum,

65 2770 185 2833 indicio
206 2782 252 2832 cst
278 2769 466 2832 Lucilianus
484 2768 538 2829 ille
557 2789 681 2830 versus:
707 2781 784 2831 arte
803 2763 1000 2854 pavimenti
1018 2785 1077 2834 at·

68 2911 130 2971 que
165 2885 365 2948 emblemate
389 2885 627 2948 vermiculato.
643 2885 691 2943 »2
736 2887 877 2952 Versum
896 2891 985 2952 hunc
1005 2892 1077 2971 alii,

66 3005 121 3087 qui
150 3015 386 3083 praecesserat,
411 3004 626 3086 conjunctum
652 3004 812 3069 edidimus
832 3030 950 3091 supra,
975 3033 1012 3074 ac
1025 3033 1076 3074 re·

66 3121 200 3184 tulimus
233 3122 272 3182 ad
308 3119 492 3184 inimicitias
526 3144 609 3204 quae
636 3121 806 3188 Scaevolae
837 3111 918 3190 cuni
939 3126 1076 3194 Albucio
1169 3107 1171 3111 i

66 3238 311 3300 intercesserunt
325 3238 351 3300 3.
400 3236 528 3322 Scripta
548 3240 649 3324 igitur
671 3242 727 3306 illa
751 3247 885 3308 fuerunt
910 3268 927 3307 a
953 3247 1078 3312 Lucilio

67 3366 137 3435 post
167 3373 195 3415 a.
229 3355 294 3415 633
321 3352 433 3440 (121),
467 3377 533 3438 quo
557 3354 709 3421 Scaevola
733 3359 824 3423 Asiae
848 3375 979 3443 praetor
1002 3366 1076 3432 suit,

69 3468 258 3534 Accuratius
284 3493 360 3534 vero
384 3473 498 3555 aliquis
520 3488 614 3556 putet
635 3488 764 3557 tempus
786 3479 890 3540 notari
914 3501 931 3541 a
953 3480 1077 3558 Plinio,

69 3587 145 3670 qui,
166 3588 355 3668 pavimenta
382 3601 462 3651 anta
493 3590 706 3682 Cimbricum
731 3574 859 3658 belluna
872 3597 1077 3680 frequentata

70 3763 179 3775 ιιι-...μυ
195 3764 279 3772 ..α-σν-
291 3765 342 3774 mn·-

107 3885 114 3915 1
155 3872 228 3917 Insl.
251 3873 317 3922 Dis.
338 3870 376 3933 V,
398 3874 441 3935 14,
462 3875 486 3925 3.
507 3874 583 3925 Vidit
602 3880 655 3943 jam
674 3878 798 3936 ‘Olina
820 3884 854 3939 F.
873 3891 906 3937 H.
929 3883 952 3945 1,
975 3887 1037 3953 427.

102 3981 111 3986 -
150 3963 282 3986 vvvm
318 3969 344 3986 »γ
387 3972 393 3986 ‚
420 3969 442 3986 ιι
