2580 4756
615 368 656 433 40

139 549 194 616 vix
226 570 340 634 parem
363 569 420 612 sua
454 561 539 612 aetas
573 540 700 624 tulit¹,
728 547 773 612 ita
802 549 994 614 adolescenti
1015 552 1088 634 jam
1109 549 1142 614 in

138 666 295 750 Scipionis
324 665 433 731 castris
466 667 562 750 hujus
589 664 705 749 optimi
725 665 929 749 imperatoris
951 670 1141 753 exernplum

140 785 386 850 admirationem
409 797 442 848 et
457 783 708 849 aemulationem
725 784 860 849 movisse
880 785 1038 869 suspicor.
1062 784 1143 853 Gra·

140 919 191 969 tus
220 904 308 968 enim
327 903 373 967 illi
402 903 484 979 suit,
511 902 633 987 quippe
652 916 685 966 et
703 903 845 986 quadam
868 918 1003 969 naturae
1026 905 1144 970 simili·

138 1022 251 1088 tudine
286 1023 477 1106 conjunctus
516 1033 549 1085 et
575 1020 759 1085 studiorum
792 1023 908 1086 ardore
940 1042 1143 1108 magnopere

120 1141 392 1206 commendatus.
438 1137 468 1204 A
488 1138 709 1223 philosophiae
727 1139 836 1205 studio
857 1160 924 1204 non
934 1139 1144 1220 abhorrebat,

139 1259 196 1342 qui
216 1256 359 1322 Panaetii
376 1257 491 1322 deinde
509 1257 621 1322 audito
633 1256 733 1334 rfuit,
757 1269 791 1323 et
810 1260 971 1342 perlectus
993 1257 1034 1322 in
1051 1256 1142 1325 Stoi-

139 1377 182 1440 cis
214 1375 396 1441 celebratur
418 1397 438 1440 a
459 1373 626 1442 Cicerone.
669 1373 779 1460 Quin,
809 1387 850 1440 ut
871 1375 913 1440 ab
935 1378 1053 1441 eodem
1064 1398 1143 1444 nar·

116 1506 250 1558 ⁴ratum
284 1493 440 1580 legimus,
475 1491 528 1558 cui
550 1493 617 1576 ipse
639 1492 780 1558 Rutilius
803 1509 1142 1572 commemoraverat,

139 1613 239 1677 etiam
269 1611 330 1678 suh
366 1611 438 1695 ipsis
465 1610 660 1677 Numantiae
689 1611 861 1677 moenibus
890 1633 967 1677 cum
991 1610 1143 1698 Scipione

136 1733 260 1798 solebat
285 1732 451 1796 interdum
478 1729 624 1796 coelestia
650 1729 879 1815 conquireret.
915 1727 1069 1814 Quarum
1088 1753 1144 1797 re·

137 1872 214 1915 rum
246 1849 433 1934 disciplina,
465 1871 567 1934 quam
597 1848 663 1933 ipse
687 1845 858 1913 Africanus
880 1871 900 1914 a
921 1849 1075 1916 Panaetio
1096 1865 1144 1917 tc·

137 1969 237 2032 nebat
258 1982 490 2055 acceptamque
507 1968 535 2032 ei
552 1967 736 2043 referebat,
759 1967 813 2032 vix
826 1967 888 2033 dici
899 1980 1025 2052 potest,
1039 1952 1144 2055 quan·

114 2100 211 2150 'tum
237 2086 266 2150 ei
287 2085 512 2171 cognoscendi·
527 2087 623 2169 hujus
647 2086 800 2170 principis
835 2083 1020 2152 Stoicorum
1044 2092 1145 2155 ardo·

138 2226 210 2269 rem
241 2202 382 2268 excitare
416 2202 575 2270 debuerit.
620 2201 775 2269 Attamen
797 2204 874 2270 huic
896 2227 1010 2271 rerum
1033 2211 1144 2275 excel·

136 2343 248 2392 aarum
270 2320 474 2386 meditationi
496 2336 534 2387 ac
555 2322 802 2406 perscrutationi
824 2327 975 2409 hequem
986 2327 1143 2410 conjunc·

138 2455 172 2507 ta
193 2440 293 2507 fuerit
312 2442 353 2507 de
372 2439 463 2505 omni
481 2438 609 2505 virtutis
630 2441 868 2528 honestatisque
881 2445 999 2530 genere
1021 2465 1142 2523 sermo,

136 2583 204 2649 quo
226 2565 351 2628 sactum
382 2559 423 2625 sit
445 2573 493 2638 ut,
517 2559 766 2644 prudentissimo
784 2562 940 2649 magistro
962 2565 1145 2650 eodemque

136 2682 364 2748 candidissimo
385 2679 491 2745 amico
510 2701 595 2758 auus,
615 2681 686 2764 jam
708 2693 782 2745 tum
795 2683 925 2745 futurae
938 2683 1145 2768 magnitudi-

138 2801 188 2864 nis
211 2800 378 2885 animique
394 2798 589 2864 constantiae
610 2812 644 2865 et
663 2799 867 2864 innocentiae
888 2799 1054 2884 principiis
1074 2802 1144 2868 im·

108 2919 293 3005 ‘haeretur
321 2939 359 2983 ac
389 2918 513 2983 semina
538 2918 722 3002 susciperet.
775 2915 896 3004 Quodsi
928 2932 999 2984 tam
1031 2922 1143 2989 efficax

65 3056 67 3058 ·
136 3040 205 3122 ejus
226 3036 391 3101 clarissimi
409 3035 516 3100 viriet
535 3038 725 3128 exemplum
745 3050 778 3102 et
796 3038 940 3103 amicitia
962 3039 1058 3106 fnhse
1074 3064 1144 3125 pu·

137 3157 236 3221 tanda
255 3167 320 3232 est,
342 3155 430 3220 haud
446 3154 554 3218 minus
570 3156 731 3220 momenti
747 3156 899 3222 habuerit
915 3159 1060 3244 ejusdem
1076 3161 1144 3226 sin·

137 3275 258 3362 gularis
295 3276 446 3339 fortunae
476 3271 609 3339 societas
628 3275 671 3339 ad
690 3272 808 3340 Lucilii
829 3276 999 3363 ingenium
1022 3292 1056 3344 et
1077 3281 1142 3346 eri·

134 3396 281 3480 gendum
311 3406 344 3458 et
377 3392 610 3459 excolendum.
654 3390 767 3479 Neque
801 3393 908 3472 enim,
938 3395 964 3460 si
997 3399 1143 3466 deessent

134 3740 167 3792 de
187 3739 596 3812 1’.1tutitius11ufus,lcte
618 3740 763 3807 Stoieien,
782 3748 811 3794 et
832 3740 859 3796 le
879 3742 994 3794 Socrate
1003 3742 1140 3799 Romaim

137 3837 321 3905 (Meermc
332 3836 403 3887 uni
420 3853 483 3888 nov.
505 3836 588 3890 Thes.
604 3838 666 3893 Jur.
686 3837 712 3903 l,
732 3836 895 3909 559-tetp.

169 3950 181 3985 1
224 3931 328 3986 7011.
344 3934 430 3986 rat.
449 3929 493 3999 ll,
514 3933 557 3998 13,
576 3951 602 3986 2.
635 3936 688 3987 Vir
712 3952 768 3987 non
783 3935 874 3988 seculi
896 3936 943 3988 sui
954 3972 963 4002 ,
982 3936 1031 3988 sed
1047 3936 1139 3989 omnis

134 4032 196 4083 aeri
212 4030 344 4100 optimus.
377 4027 539 4112 Magnificus
557 4030 705 4086 laudationi
724 4032 862 4089 consentit
872 4032 1030 4104 antiquitas,
1091 4067 1093 4071 «

169 4147 187 4184 :t
223 4129 299 4207 cic·
316 4129 349 4182 de
364 4129 436 4200 Περ.
457 4127 483 4195 Ι,
503 4129 532 4194 8,
553 4145 595 4184 tt.
