2580 4756
710 334 773 398 222

239 515 294 579 His
308 512 450 580 verutis
471 512 604 576 Bartbio
619 514 702 577 vitus
721 524 768 575 est
790 512 911 595 opponi
937 524 1031 594 pater
1058 512 1240 596 meotilis

238 631 376 716 prodigo
394 631 421 695 ¹.
467 630 582 713 Itaque
613 629 732 715 corrigi
756 628 879 712 placuit
908 627 992 693 Had.
1018 629 1123 695 lunio
1145 632 1238 720 iujos

240 751 444 815 παναίθου
457 748 477 812 i.
493 766 521 812 e.
534 748 705 830 splendidi.
718 746 952 831 Intelligendus
965 754 1079 812 autem
1091 752 1179 814 haud
1191 755 1239 815 du·

238 868 292 931 bie
305 880 350 931 est
363 868 402 932 L.
416 867 603 930 Aurelius
618 865 746 939 Cotta,
759 882 860 948 quem
873 866 1049 928 tribunum
1059 869 1163 948 plebis
1176 871 1237 934 fuis·

238 996 271 1048 se
279 983 456 1066 accipimus
464 1005 498 1047 a.
512 983 692 1070 600(154)‚
708 985 873 1046 consulem
887 1004 915 1045 a.
930 984 996 1045 oto
1006 982 1116 1071 (144),
1130 984 1238 1070 quique

241 1123 307 1186 quo
320 1116 467 1184 tempore
479 1105 559 1164 haec
571 1103 690 1183 scripta
704 1123 720 1162 a
745 1101 872 1165 Lucilio
885 1104 1031 1174 fuerunt,
1049 1114 1235 1167 senectutem

240 1220 401 1303 attigerat.
426 1217 603 1281 Memoriae
615 1217 786 1298 proditum
799 1231 845 1280 est
855 1227 867 1292 ',
881 1232 1176 1302 eumfflsaorosaneta
1186 1242 1236 1302 po·

238 1341 352 1400 testate
365 1333 541 1399 tribunicia
549 1322 651 1397 fretus
661 1333 713 1397 ille
731 1332 945 1397 creditoribus
954 1337 1112 1398 noluisset
1124 1338 1237 1402 satisfa-

240 1464 330 1527 cere,
355 1451 567 1514 tribunorum
590 1451 765 1536 collegium
786 1451 983 1525 decrevisse,
1007 1453 1033 1514 si
1057 1468 1165 1536 neque
1181 1458 1236 1517 sol-⁶

241 1578 332 1633 vetet
352 1568 549 1651 pecuniam,
584 1590 690 1651 neque
716 1570 809 1632 daret
833 1584 909 1631 curn
943 1580 1010 1652 quo
1038 1572 1168 1653 sponsio
1185 1573 1236 1634 lie·

240 1700 308 1762 ret,
342 1708 375 1751 se
406 1686 643 1770 appellantibus
672 1708 749 1749 oum
779 1686 991 1750 creditoribus
1014 1688 1138 1752 auxilio
1161 1694 1234 1752 lutu-

164 1881 167 1886 ,
240 1820 327 1867 rum.
373 1804 531 1888 Iniquum
548 1805 637 1866 enim
658 1804 836 1887 putabant,
859 1805 1064 1887 majestatem
1082 1806 1234 1889 publicam

240 1922 384 2004 privatae
420 1923 575 2004 perfidiae
605 1923 753 1986 obtentui
788 1943 875 1999 esse,
910 1941 1056 2006 eumque
1079 1922 1117 1987 in
1141 1925 1235 1988 tribu··

240 2052 320 2102 natu
353 2039 442 2123 quasi
466 2040 500 2102 in
517 2041 627 2123 aliquo
642 2041 782 2104 sacrario
798 2043 897 2103 latere
910 2024 937 2107 i,
985 2039 1169 2106 Conficitur
1185 2044 1235 2104 hoe

240 2156 445 2231 testimonio,
469 2159 558 2239 quod
583 2154 728 2221 Lucilius
743 2156 873 2232 indicat,
895 2151 1067 2222 morosum
1081 2160 1234 2224 fuisseho·

240 2272 366 2333 minem
404 2285 437 2332 et
461 2275 502 2334 ud
530 2274 757 2349 reddendum,
782 2275 870 2358 quod
889 2270 1049 2339 mutilum
1069 2289 1234 2349 sumserat,

242 2386 422 2474 aegerrime
446 2390 620 2453 accessisse.
665 2390 759 2454 Idem
779 2398 990 2458 tornatura
1013 2392 1168 2460 Cicerone
1185 2418 1234 2476 aps

239 2509 376 2591 pellatns
411 2519 479 2583 est,
509 2508 587 2590 qnia
610 2508 721 2571 callide
755 2510 982 2596 subterfugere
1006 2528 1127 2593 poenas
1149 2533 1235 2576 nore-

239 2624 332 2690 rat3.
394 2624 503 2709 Atque
532 2624 682 2687 avaritiae
716 2625 851 2708 quidem
885 2627 1020 2690 nomine
1049 2628 1085 2693 P.
1112 2629 1235 2712 Scipim

241 2742 425 2806 Aemiliano
453 2743 538 2804 male
569 2740 731 2806 audiebat.
777 2741 862 2807 Nam
883 2746 1012 2828 quum,·
1040 2750 1236 2813 'emendum

240 2864 393 2942 adeptus,
417 2881 495 2924 cum
509 2862 632 2945 collega
644 2859 713 2924 Ser.
728 2860 872 2944 Sulpicio
885 2862 983 2927 Gallo
998 2865 1033 2927 in
1044 2881 1158 2930 senatu
1168 2886 1237 2931 aon-

240 2980 407 3053 tenderet,
438 2988 512 3042 uter
543 2979 694 3042 adversus
714 2978 924 3057 Viriathum,
948 2978 1166 3049 sortiariarum
1183 2982 1238 3047 dn·

241 3116 314 3157 cem
330 3107 364 3156 et
388 3094 621 3156 Lusitanorum
643 3097 856 3173 defensorem,
880 3098 915 3161 in
932 3096 1125 3181 Hispaniam
1137 3101 1237 3164 mitte·

240 3221 354 3286 retur,
377 3230 415 3273 ao
426 3230 548 3304 magna
564 3210 649 3274 inter
662 3227 769 3295 patres
782 3190 981 3297 conscriptor
991 3211 1236 3290 assensuum,

239 3329 425 3403 mamm,
456 3328 565 3412 ajebat
596 3314 726 3412 snpra,
758 3329 854 3395 mest
882 3330 986 3396 utto
1009 3314 1140 3420 praest,
1162 3336 1236 3421 qast

148 3449 151 3453 ’
238 3449 331 3512 atter
353 3445 452 3511 sirit
474 3444 592 3522 dubet,
618 3442 728 3512 alteri
749 3446 850 3514 bibit
872 3450 1036 3516 tetrarte.
1050 3442 1234 3538 'Quodietd

240 3579 278 3630 ut
305 3579 421 3630 neuter
445 3566 479 3628 in
502 3565 706 3649 provinciam
729 3568 935 3644 mitteretur,
954 3568 1102 3636 effecit&
1136 3556 1236 3654 Nequi

277 3805 287 3839 1
327 3782 564 3853 Adventus.
629 3808 632 3813 ·

274 3897 289 3934 2
332 3882 702 3950 Val.Mas.vl·‚5,4.

274 3981 292 4031 5
327 3981 396 4029 oie.
416 3983 499 4032 Brut.
521 3983 565 4044 18,
585 3983 628 4035 81.

274 4077 290 4128 4
331 4076 700 4143 VaI.Mae.Vl,t‚2.
