2580 4756
629 351 669 412 97

210 528 366 596 Varronis
399 529 439 591 de
463 527 647 592 Lucilianae
666 533 796 612 poeseos
819 528 1004 595 charactere
1025 544 1151 596 senten·

152 672 219 714 ram
260 669 478 732 assequemur.
537 644 599 711 Sed
629 646 869 731 comparatione
906 648 1050 733 corporis
1081 673 1153 717 rem

134 768 314 834 illustrabit
343 766 479 843 Cicer0,
510 766 589 851 qui,
613 770 653 833 de
677 767 773 854 Lysia
798 790 917 854 agens,
941 770 1152 836 habereeum

134 901 241 954 certos
276 888 325 952 sni
344 887 499 950 studiosos
513 885 648 960 scribit,
672 886 730 970 qui
750 908 817 950 non
837 899 906 950 tam
931 886 1059 954 habitus
1077 910 1154 954 cor-

134 1007 225 1091 poris
248 1007 394 1088 opimos,
429 1026 530 1089 quam
554 1002 753 1090 ,gracilitates
777 1018 1022 1086 consectentur3
1048 1029 1151 1093 quos,

134 1123 295 1190 valetudo
312 1126 411 1187 modo
430 1123 516 1187 bona
540 1123 602 1198 sit,
635 1123 773 1187 tenuitas
796 1124 865 1206 ipsa
882 1126 1057 1191 delectet1.

182 1241 376 1309 Accedimus
396 1244 437 1306 ad
461 1239 690 1330 Horatium,
714 1240 961 1325 locupletiorem
971 1256 1150 1310 auctorem.

137 1362 189 1439 Is,
220 1362 309 1446 quod
331 1358 420 1444 prius
438 1362 477 1424 de
500 1359 629 1425 Lucilio
649 1365 746 1444 potita
762 1360 924 1445 judicium
943 1365 1151 1439 tulerat,ex-

137 1459 256 1547 citatus
287 1479 328 1543 ab
353 1480 408 1556 iis,
431 1481 518 1562 apud
541 1500 621 1563 quos
640 1479 684 1542 ob
701 1479 878 1564 ingenuam
899 1480 1041 1545 veritatis
1066 1499 1148 1545 con·

135 1599 308 1664 sessionem
331 1600 416 1661 male
434 1597 592 1662 'audiebat
605 1643 614 1675 ,
637 1598 752 1662 deinde
764 1599 911 1682 exposuit
923 1611 955 1663 et
965 1600 1146 1664 illustravit.

132 1715 314 1784 Ordiamur
325 1715 366 1779 ab
378 1712 434 1800 iisf,
448 1737 531 1800 quae
545 1716 572 1779 ei
583 1715 738 1781 invidiam
753 1717 946 1781 conflarunt.
974 1717 1150 1801 Postquam

135 1835 251 1902 festivo
269 1846 302 1898 et
321 1846 417 1898 acuto
436 1832 612 1917 subtilique
629 1833 759 1920 ingenio
771 1857 847 1900 eum
860 1856 924 1898 esse
936 1835 1033 1912 dixit,
1046 1836 1149 1900 addit:

601 1988 647 2004 -
669 1952 779 2016 durus
803 1976 997 2040 componere
1017 1959 1147 2019 uersus.

177 2069 273 2138 Nam
289 2070 371 2160 suit
393 2072 453 2134 lroc
477 2073 652 2149 uitiosus-3
678 2073 719 2134 ist
744 2071 830 2135 liora
857 2071 1147 2158 saepeduocutos,

162 2189 228 2256 'Ut
253 2211 441 2279 stagnum,
466 2211 585 2252 uersus
604 2187 762 2252 dictabat
786 2201 886 2253 stans
906 2190 990 2277 pede
1015 2192 1144 2257 inusto.

172 2309 296 2397 Quum
305 2307 436 2396 flueret
462 2307 676 2384 lutulentus,
701 2320 777 2372 erut
799 2308 890 2395 quod
900 2310 1021 2374 tollere
1035 2312 1151 2387 uelles,

178 2425 359 2493 Garrulus
381 2438 484 2514 utque
501 2430 609 2516 piger
626 2427 803 2491 scribendi
816 2427 918 2515 ferre
939 2429 1106 2507 laborem,

176 2543 358 2611 Scribunda·
377 2558 483 2622 recta,
507 2569 612 2624 nasu,
640 2557 680 2609 ut
701 2547 871 2622 multum,
887 2548 945 2611 nit
966 2527 1083 2610 moros·
1095 2546 1122 2613 ².

134 2664 258 2731 Durus
282 2687 493 2751 componere,
522 2676 602 2728 teste
628 2662 760 2728 Comm.
785 2662 911 2747 cinq„
936 2676 981 2727 est
1004 2685 1095 2746 asper
1117 2665 1152 2730 iri

134 2784 364 2870 componendis
387 2783 544 2848 versibus.
592 2780 654 2846 Sed
677 2780 757 2864 quid
779 2784 1001 2878 componere?
1034 2782 1150 2867 Aperit

133 2903 200 2989 ipse
221 2908 339 2988 potita:

174 3019 304 3109 Nempe
328 3021 621 3106 incomposito
648 3016 728 3083 dist
739 3017 823 3105 pede
848 3042 987 3084 currere
1008 3044 1126 3086 oersrts

177 3139 297 3204 Lucili
310 3139 336 3203 ³.

134 3260 248 3345 Itaque
270 3278 338 3322 non
359 3257 394 3319 in
417 3255 549 3332 durus,
572 3257 627 3319 sed
649 3256 683 3318 in
696 3278 892 3343 componere
912 3258 1088 3342 praecipua
1103 3259 1150 3324 vis

134 3392 189 3444 est.
236 3377 373 3452 Deerat,
407 3375 471 3450 ait,
507 3372 635 3438 Lucilio
665 3374 720 3438 illa
745 3375 918 3460 diligenter
941 3375 1147 3459 studioseque

134 3497 357 3562 faciendorum
386 3513 540 3558 versuum
571 3493 725 3568 facultas,
766 3514 867 3576 quam
890 3492 1060 3577 acquirere
1081 3515 1148 3558 non

138 3616 236 3679 modo
271 3634 337 3676 nou
361 3607 510 3684 studuit,
543 3611 598 3674 sed
621 3631 662 3673 ne
685 3610 787 3676 voluit
810 3609 954 3696 quidem.
1000 3609 1156 3694 Apertius

139 3823 413 3847 ,...........-.

170 3948 181 3984 1
221 3934 311 3982 Bruto
331 3924 438 3992 16,st

168 4046 184 4088 ῃ
223 4029 285 4080 Sat.
306 4027 332 4090 Ι,
350 4025 379 4090 t,
401 4028 464 4078 inis.

169 4127 189 4178 5,
220 4128 292 4180 Eud.
311 4143 344 4180 to
363 4127 429 4178 inis.
450 4123 534 4179 CH
546 4125 665 4176 acobs
689 4126 783 4176 Verm.
806 4124 887 4178 Scdr,
906 4122 944 4186 V,
965 4123 1025 4178 udo·

622 4257 640 4317 7
