2580 4756
642 417 684 481 39

150 595 257 661 trinae
279 608 312 661 et
330 607 498 662 auctorem
518 606 551 659 at
564 594 797 663 admiratorem
808 593 913 671 trine,
937 605 975 658 ut
986 592 1158 681 Polybium

148 714 428 800 Panaetiumque‚
458 712 678 798 praecellentis
702 712 824 800 ingenii
850 712 956 794 viros,
978 712 1069 779 domi
1090 713 1159 777 mi·

148 834 303 918 litiaeque
334 853 445 898 secum
475 830 636 896 habuerit.
680 828 793 918 Neque
824 852 901 896 eum
919 831 1093 917 quisquam
1113 868 1159 880 -

147 974 231 1016 nam
257 952 371 1037 quidni
400 971 584 1016 memorem
617 948 714 1034 ipsius
735 949 850 1036 Velleji
874 949 1006 1016 narbet
1028 986 1073 1004 -
1094 951 1158 1015 hoc

149 1071 303 1155 Scipione
327 1071 501 1158 elegantius
519 1071 688 1136 intervalla
712 1070 918 1156 nepotianum
940 1069 1006 1136 otio
1022 1070 1160 1155 dispun-

149 1191 223 1267 xit,
259 1210 452 1273 semperque
483 1201 541 1254 aut
572 1188 649 1253 belli
677 1201 736 1252 aut
768 1189 853 1273 pacis
882 1189 992 1254 seruiit
1025 1189 1159 1255 artibus.

150 1309 293 1392 Semper
326 1307 411 1403 inter
445 1327 539 1371 arma
572 1327 610 1372 ac
642 1305 749 1372 studia
782 1321 924 1374 uersatus
954 1320 1012 1373 aut
1044 1328 1160 1393 corpus

149 1427 313 1512 periculis·
326 1437 383 1490 aut
404 1425 553 1492 animum
565 1424 738 1508 d'uciplinis
756 1426 938 1493 exercunt.
973 1425 1022 1493 Ac
1042 1424 1162 1492 Socra-

149 1546 261 1611 ticum
297 1543 551 1627 Xenophontem
584 1543 706 1609 assidua
739 1544 876 1611 lectione
915 1543 1161 1630 frequentabat,

150 1659 405 1755 ejuqaeKnpnn
419 1660 567 1728 παιδείαν
578 1664 618 1727 de
629 1661 779 1728 manibus
790 1683 911 1747 ponere
922 1685 987 1728 non
998 1662 1121 1728 solebat
1133 1661 1163 1725 ⁹.

151 1781 244 1868 Quid
256 1782 356 1869 igitur
370 1781 507 1858 mirum,
519 1781 546 1846 si
558 1780 641 1846 tanti
652 1780 712 1846 riri
723 1824 736 1859 .,
749 1803 850 1866 quem
861 1793 894 1845 et
906 1779 998 1846 avitis
1020 1779 1056 1846 P.
1069 1777 1162 1866 Atei·

149 1901 227 1968 cani
251 1898 458 1985 paternisque
488 1897 527 1965 L.
550 1897 640 1963 Pauli
662 1912 696 1965 et
718 1919 796 1964 uero
816 1898 881 1964 suis
902 1898 999 1982 ipsius
1021 1919 1163 1964 exorna·

151 2034 230 2086 tum
253 2016 426 2085 virtutibus
449 2016 673 2095 admiramur,
693 2016 849 2104 singulari
872 2016 1071 2082 amabilitate
1081 2037 1162 2101 eap-

151 2153 190 2205 ta
208 2140 369 2222 juvenum
391 2135 520 2222 ingenia
542 2134 691 2201 suerint?
725 2135 771 2213 si,
795 2156 895 2221 quem
917 2135 962 2200 ob
983 2135 1164 2220 imperato·

152 2256 240 2321 riam
273 2254 466 2342 dignitatem
503 2254 664 2338 suspicere
699 2268 921 2333 consuessent,
950 2258 1092 2321 eundem
1122 2257 1163 2320 ad

152 2374 260 2441 festivi
286 2395 348 2438 nec
378 2373 512 2458 propria
545 2375 689 2458 quadam
719 2396 758 2440 ac
791 2371 955 2441 Socratica
976 2375 1080 2440 ironia
1111 2396 1164 2440 ca·

152 2492 284 2561 tentis-‘⁵
310 2492 469 2573 sermonis
496 2494 699 2577 uoluptatem
715 2512 858 2577 pronum
882 2492 1078 2580 diligerent?
1124 2493 1164 2558 ln

155 2612 279 2698 quibus
308 2610 549 2678 adolescentulis
585 2613 696 2686 fuere,
719 2611 777 2698 qui
792 2614 961 2678 advertere
979 2624 1164 2676 ceterorum

131 2730 288 2818 ,ingenia
315 2742 349 2794 ct
375 2729 545 2794 incendere
568 2729 770 2812 optimarum
792 2749 906 2795 rerum
927 2730 1039 2795 studiis
1063 2729 1166 2793 debc-

124 2908 128 2913 .
153 2865 243 2919 rent.
266 2851 354 2916 Duos
370 2848 650 2924 memoravimus,
663 2848 837 2932 ejusbclli,
855 2848 909 2914 cui
922 2849 1162 2926 interfuerunt,

152 2983 268 3056 postea
288 2968 477 3052 scriptores,
500 2965 732 3051 Sempronium
754 2966 948 3035 Asellionem
971 2982 1004 3034 ct
1016 2967 1052 3034 P.
1065 2968 1165 3033 Ruti·

156 3091 241 3156 lium
276 3083 444 3154 nutant.
490 3084 588 3153 Hunc
617 3087 807 3171 praesertim
829 3088 926 3164 uolo,
958 3087 1011 3153 cui
1034 3101 1072 3153 ut
1095 3088 1166 3157 viro

194 3393 207 3430 ι
252 3374 353 3430 Vell.
374 3376 459 3429 Par.
477 3366 511 3439 i,
534 3374 574 3439 ¹3,
594 3375 620 3428 3.
648 3374 809 3438 Idemra,
827 3375 853 3427 ὅ.
872 3374 924 3428 Vir
942 3373 1073 3426 omnibus
1087 3372 1162 3425 tettt

133 3482 196 3527 'aa
221 3482 308 3543 togae
336 3471 471 3538 donans,
499 3470 664 3544 ingeniique
681 3488 716 3524 uc
742 3473 902 3525 studiorum
931 3471 1167 3524 eminentissimus

155 3571 247 3623 seculi
273 3571 340 3632 sui,
369 3570 418 3640 qui
437 3568 513 3623 nihil
539 3570 570 3621 in
596 3569 659 3620 vita
687 3569 745 3621 nisi
763 3569 938 3621 laudandum
959 3567 1096 3639 autsect't
1113 3575 1167 3617 aar

115 3734 118 3741 .
156 3667 233 3719 dixit
249 3667 399 3722 assensit.

193 3779 210 3814 α
249 3763 323 3815 Cic.
345 3764 428 3816 Tuae.
447 3764 481 3834 Q.
500 3760 543 3828 ll,
562 3760 606 3825 26,
624 3761 669 3817 62·
705 3763 780 3832 Epp.
799 3761 838 3812 ad
855 3762 890 3832 Q.
908 3762 956 3815 Fr.
974 3760 1083 3830 t.r‚8‚
1100 3759 1144 3814 25.

193 3859 212 3911 5
246 3862 267 3911 I
275 3861 302 3913 d.
329 3860 418 3912 Acad.
433 3858 487 3935 ll,
509 3857 538 3922 5,
556 3856 596 3909 15.
632 3860 676 3908 Da
698 3860 777 3909 Orat.
797 3856 839 3920 11,
860 3857 906 3928 67,
926 3873 986 3926 27⁰·
1014 3855 1157 3926 Brut.87,

162 3975 222 4028 299.
259 3955 385 4009 Servavit
408 3955 488 4008 nobis
515 3955 615 4008 Cicero
638 3971 670 4004 ax
692 3953 771 4023 hujus
792 3954 859 4004 balli
882 3955 1010 4005 memoria
1027 3953 1163 4019 Scipionis

163 4053 267 4107 dietum
288 4053 317 4103 in
336 4053 368 4104 C.
387 4051 530 4104 Metellum
551 4049 723 4119 Caprariam.
757 4053 802 4104 De
820 4055 901 4103 Orat.
919 4050 961 4114 ll,
980 4050 1025 4115 66,
1044 4049 1105 4121 265.

197 4153 214 4205 4
249 4149 341 4203 Vitam
369 4152 426 4219 ejus
450 4167 510 4203 cunr
528 4148 574 4200 alii
603 4149 755 4217 scripsere,
776 4155 831 4201 turn
859 4149 941 4203 Ant.
966 4147 1092 4200 Leia-el
1121 4149 1162 4198 vie
