2580 4756
291 1101 549 1171 c.nuc1u11
582 1100 729 1171 auras
760 1103 822 1169 nr
851 1101 981 1208 vam.

189 1829 287 1919 Num
319 1855 354 1917 in
381 1853 521 1938 antiquis
547 1852 691 1927 fuerint,
710 1853 767 1938 qui
798 1850 873 1916 data
900 1853 997 1938 operti
1019 1853 1134 1917 Lucilii

132 1972 235 2038 vitam
257 1972 436 2037 memoriae
456 1973 649 2055 proderent,
662 1971 858 2057 ignoramus.
904 1973 976 2059 lpse
1000 1974 1133 2061 quidem

132 2091 217 2156 vitae
247 2113 321 2156 suae
361 2091 517 2174 interpres
547 2111 640 2155 verus
670 2103 701 2153 et
738 2091 889 2155 candidus
915 2093 1065 2158 laudatur
1094 2095 1135 2159 ab

131 2209 267 2274 Horatio
290 2211 326 2272 1:

178 2329 248 2395 Ille
264 2329 357 2395 velut
367 2326 459 2415 fidia
481 2349 611 2391 arcano
635 2327 813 2392 sodalibus
838 2331 924 2393 olim

178 2447 339 2515 Credebot
355 2448 482 2523 libris,
506 2470 628 2534 neque,
643 2450 677 2510 ai
694 2449 785 2512 niolo
796 2461 963 2526 cesserat,
983 2473 1134 2537 unquam

174 2568 368 2633 Decurreaa
392 2568 484 2643 alio,
509 2589 629 2654 neque,
654 2569 689 2630 ei
710 2567 806 2631 bene:
832 2591 897 2656 quo
915 2559 956 2646 lit
968 2581 1008 2633 ut
1021 2573 1133 2634 arnoia

177 2687 215 2753 V
214 2692 309 2753 olivo
323 2699 446 2775 pateat
468 2688 578 2752 veluti
599 2686 774 2771 deacripta
796 2687 923 2750 tabell*

179 2807 217 2877 V
215 2811 270 2873 iat
296 2810 400 2872 senia.

132 2927 207 3014 Quo
239 2926 366 2992 Horatii
394 2925 579 2990 testimonio
608 2924 689 2987 nihil
719 2946 796 2988 cum
825 2928 867 2991 ad
897 2928 1138 2996 conciliandum

131 3047 223 3112 nobie
254 3046 417 3110 Lucilium
452 3058 525 3108 tum
560 3045 602 3126 ad
621 3045 854 3127 deplorandam
874 3046 1007 3110 illorum
1031 3048 1137 3114 libro·

131 3189 209 3241 rum
239 3169 402 3250 jacturam
432 3164 536 3250 magia
569 3165 664 3228 valet.
709 3161 793 3229 Nam
809 3164 884 3228 inde
906 3165 1059 3231 continuo
1077 3169 1136 3232 ali·

133 3307 200 3370 quo
232 3287 353 3360 modo,
389 3305 504 3348 eorum
521 3282 605 3347 ratio
622 3303 706 3368 quae
728 3283 846 3359 fuerit,
863 3283 1016 3367 auspicari
1040 3286 1134 3354 nobie

133 3405 231 3471 licere
250 3403 387 3486 patebit.
411 3400 474 3467 Sed
488 3413 617 3487 praeter
637 3401 821 3477 Lucilium,
844 3402 927 3468 vitae
948 3424 1024 3469 auae
1046 3405 1137 3494 inge·

132 3544 240 3587 nuum
272 3520 486 3604 scriptorem,
518 3522 648 3584 nullum
683 3519 880 3599 invenimus,
902 3522 959 3607 qui
977 3521 1064 3588 idem
1085 3528 1138 3592 vel

134 3639 210 3707 dact
236 3637 358 3723 opera,
389 3641 440 3704 vel
473 3638 561 3703 aliud
583 3659 681 3726 agene
705 3637 828 3704 fecerit.
872 3635 985 3725 Neque
1004 3663 1137 3708 memo-

133 3774 226 3827 ratur
258 3759 327 3844 ejus
353 3758 474 3824 vitain
500 3755 586 3822 libro
605 3757 646 3822 de
661 3759 796 3849 poetis,
821 3758 877 3842 qui
900 3755 1053 3826 Suetonio
1074 3761 1139 3846 tri·

134 3877 266 3952 buitur,
288 3895 491 3962 quamquam
503 3920 513 3952 ,
534 3897 616 3961 quae
629 3874 846 3963 Hieronymua
858 3890 1022 3960 memoret
1035 3922 1048 3954 ,,
1062 3879 1137 3945 inde

169 4182 183 4220 ι
223 4168 284 4220 Sat.
303 4163 347 4234 ll,
365 4183 393 4235 ι,
414 4164 448 4217 50
464 4181 556 4234 seqq..
637 4229 641 4235 .
