2580 4756
680 298 747 360 224

223 491 272 541 tae
302 487 471 556 tantopere
506 473 755 558 grassabantur,
790 486 827 537 ut
858 472 1041 557 jacentibus
1067 477 1101 538 in
1123 476 1228 557 publi·

221 615 299 657 cum
328 591 443 674 passim
468 590 697 667 cadaveribus,
733 590 791 672 qui
814 593 1027 666 funerarent,
1052 594 1227 662 deessent

221 711 368 783 Asellus,
401 730 431 772 a.
456 710 520 772 615
547 707 640 796 (139)
666 708 818 770 tribunus
853 708 955 790 plebis
977 723 1129 786 creatus,
1164 709 1227 775 Sci-

220 827 310 910 pioni
333 825 421 888 diem
445 826 528 888 dixit
550 827 592 888 ad
616 828 789 907 populum.
835 824 874 886 In
900 845 966 907 quo
980 826 1105 915 judic'p)
1130 849 1226 910 quum

220 963 277 1007 reo
307 942 475 1026 objecisset
507 943 650 1004 lustrum
685 944 811 1003 malum
843 953 941 1024 atque
965 941 1101 1005 infelix:
1139 944 1224 1018 noli,

222 1060 331 1143 inquit
359 1060 434 1134 ille,
471 1060 630 1121 mirari.-
667 1061 702 1120 ie
738 1061 849 1132 enim,
873 1061 936 1142 qui
959 1070 991 1121 te
1014 1081 1056 1122 cc
1079 1063 1225 1123 corariis

208 1179 369 1252 ,examin
408 1176 562 1240 lustrum
597 1174 756 1238 coadidit
791 1187 822 1238 et
853 1187 996 1239 taurum
1020 1177 1224 1242 immolarit.

220 1292 348 1379 Quibus
370 1293 476 1359 verbis
502 1293 621 1375 carpsit
640 1291 844 1356 Mummium
856 1287 871 1372 ‚'
890 1293 947 1376 qui
972 1296 1064 1376 quod
1086 1293 1226 1380 ignomi-

219 1411 274 1474 nid
308 1434 327 1474 a
347 1409 499 1491 Scipione
520 1410 609 1473 illata
634 1409 780 1474 Asellum
801 1415 964 1475 levaverat
984 1427 1017 1475 et
1042 1435 1082 1474 ex
1107 1412 1223 1477 aerariis

219 1540 406 1603 exemerat,
431 1527 603 1592 videbatur
621 1528 727 1611 ipram
745 1527 910 1592 ciuitatem
922 1527 1081 1613 religione
1094 1529 1222 1592 obstrin-

218 1644 335 1709 xisse2.
381 1642 562 1728 Quumque
589 1645 712 1708 Asellus
736 1666 848 1709 omnes
869 1645 1053 1728 provincias
1073 1646 1221 1728 stipendia

218 1775 403 1826 merentem
440 1783 473 1826 se
503 1783 688 1847 peragrasse
722 1762 939 1847 gloriaretur,
967 1784 1088 1849 agae,
1126 1763 1221 1848 inquit

218 1881 348 1964 Scipio,
370 1881 519 1945 asellum
541 1919 604 1956 —,
630 1881 804 1962 proverbio
824 1902 922 1956 usus,
946 1902 1013 1964 quo
1038 1882 1222 1967 significaret

218 2021 356 2063 crassam
377 2001 445 2083 ejus
464 1999 688 2081 stupiditatem
701 1998 729 2062 3.
768 1999 918 2061 Pluribus
937 2000 1088 2082 deinceps
1111 2002 1221 2064 oratio-

217 2117 315 2180 nibus
348 2139 425 2181 eum
446 2137 484 2179 eo
514 2114 700 2198 Scipionem
733 2117 850 2201 egisse,
872 2117 947 2180 inde
967 2131 1114 2195 constat,
1143 2120 1219 2203 quod

218 2232 334 2315 quinta
354 2247 571 2297 memoratur.
619 2234 696 2317 Ejus
716 2233 888 2311 orationis,
911 2254 1015 2317 quam
1034 2257 1097 2318 pro
1116 2258 1150 2300 se
1169 2239 1219 2298 ha-

216 2351 290 2416 buit
310 2353 350 2414 de
373 2354 498 2427 multa,
522 2351 682 2433 particula
701 2366 869 2435 superest,
893 2375 1013 2437 quam,
1039 2355 1118 2438 quia
1139 2354 1220 2419 nobis

216 2469 314 2535 Arelli
339 2468 483 2536 indolem
519 2483 552 2534 et
581 2490 691 2534 mores
715 2471 894 2552 patefacit,
925 2471 1094 2557 integram
1108 2477 1213 2538 relere-

205 2608 309 2656 ¹mus:
349 2586 503 2653 «Omnia
535 2590 644 2663 mala,
678 2588 821 2670 probra,
845 2589 987 2674 flagitia,
1012 2611 1098 2674 quae
1120 2589 1219 2655 homi-

204 2727 270 2787 nes
306 2706 446 2782 iaciunt,
479 2706 514 2769 in
546 2704 672 2771 duabus
704 2707 801 2771 rebus
823 2720 922 2782 sunt,
958 2708 1109 2771 molitiei
1131 2720 1219 2791 atque

214 2825 386 2908 aequitio.
433 2822 558 2890 Utrum
584 2823 730 2887 defendis
754 2823 938 2900 malitiam,
962 2846 1005 2887 an
1028 2797 1220 2909 nequitiam,

214 2961 257 3006 an
292 2952 475 3025 utrumque
506 2940 632 3004 simul?
678 2938 712 3004 Si
743 2941 926 3025 nequitiam
962 2940 1218 3016 defenderetis,

214 3057 304 3121 licet:
339 3061 396 3122 sed
427 3071 464 3124 tu
495 3060 530 3121 in
561 3079 628 3122 uno
663 3072 770 3123 scorto
793 3061 954 3142 majorem
976 3060 1150 3143 pecuniam
1166 3059 1220 3124 ab·

214 3172 376 3250 sumsisti,
401 3174 635 3257 quemquami
656 3196 755 3245 omne
771 3176 1032 3245 instrumentum
1047 3179 1142 3245 fundi
1163 3175 1219 3244 Sa·

249 3530 262 3568 r
305 3515 501 3568 ValMax.
522 3515 576 3580 tv,
600 3533 625 3578 ι,
650 3519 791 3571 10.Ju1.
811 3520 993 3592 obsepc.
1012 3525 1058 3576 81.

248 3627 264 3661 2
302 3612 377 3665 cic.
401 3613 434 3662 de
458 3615 541 3666 Orat.
559 3613 599 3677 ll,
620 3612 666 3677 66,
685 3615 746 3667 268.
770 3614 875 3669 Mirum
896 3633 959 3668 rane
980 3625 1034 3682 est,
1069 3616 1219 3686 Scipiorrm

212 3721 310 3774 negare
340 3723 354 3755 a
372 3723 401 3759 re
419 3708 559 3762 conditum
577 3711 696 3764 lustrum
714 3712 809 3776 fuisse,
830 3733 914 3783 qaum
930 3715 979 3767 elii
996 3734 1058 3770 eum
1075 3716 1221 3771 condidisse

213 3799 317 3853 diserte
336 3807 481 3854 testentur·
512 3803 556 3856 Cf.
575 3825 635 3874 sup.
653 3825 682 3874 p.
702 3809 745 3878 73.

248 3899 264 3948 3
298 3901 318 3951 Ι
327 3899 355 3951 d.
365 3900 425 3952 eod.
435 3900 482 3963 64,
496 3899 555 3955 258.
571 3902 751 3958 proverbium
764 3905 901 3961 Graecum
913 3914 964 3961 ert:
983 3914 1003 3957 ct
1020 3913 1052 3968 pl
1071 3910 1143 3959 tomo
1160 3914 1220 3968 βοῦν,

208 3997 290 4043 tractu
304 3997 354 4054 γοῦν
374 3995 426 4041 trev.
