2580 4756
531 366 592 428 111

53 541 100 606 ab
122 541 232 627 aliquo
252 541 361 626 judice
385 542 634 618 defenderetur,
655 556 736 621 aut,
759 543 1063 627 quodverisimilins

50 663 96 727 sit
115 662 150 749 in
173 683 296 724 aarum
312 662 531 738 mutandum,
553 673 592 726 ut
609 661 676 727 stili
699 683 811 728 ansam
832 661 959 729 dicatur
982 683 1066 727 con-

54 778 197 855 didisse,
224 777 282 864 qui
302 800 384 863 pure
405 788 623 864 accurateque
642 780 826 864 scripsisset.
868 781 917 849 [Et
930 779 977 847 sic
987 781 1068 866 qui-

52 902 133 963 dem
166 898 286 963 Plinius
318 897 475 963 Luciliani
499 898 657 963 sermonis
680 899 817 965 virtutes
853 901 1001 967 extulisse
1029 923 1068 965 ac

54 1020 170 1106 magni
202 1019 311 1085 fecisse
341 1019 488 1085 videatur
518 1031 616 1104 atque
639 1019 672 1084 id
696 1020 728 1084 ei
751 1021 854 1086 laudis
872 1020 1066 1095 vindicasse,

54 1142 146 1224 quod
169 1138 295 1222 primus
311 1151 400 1203 recte
421 1138 582 1204 scribendi
605 1141 749 1204 formam
767 1139 968 1223 expresserit.
1001 1139 1068 1206 Nec

55 1273 171 1322 tamen
190 1258 224 1322 id
247 1258 342 1321 unice
366 1256 478 1323 voluit.
502 1255 587 1322 Nam
600 1301 610 1334 ,
623 1269 662 1323 ut
685 1256 827 1323 Lucilius
839 1257 919 1334 sibi,
941 1258 1070 1324 medio·

53 1377 159 1444 criter
192 1377 310 1454 docto,
342 1374 551 1442 mediocriter
581 1379 690 1441 doctos
717 1378 851 1444 lectores
876 1388 1068 1461 optaverat,

23 1503 25 1506 ’
54 1497 102 1560 ita
135 1496 224 1561 idem
251 1517 285 1560 se
310 1493 532 1571 Tar-catinis,
568 1494 790 1561 Cmtrentisie
816 1505 850 1561 et
873 1492 1013 1564 Siculis
1033 1516 1068 1560 se

51 1613 197 1680 scribere
226 1616 324 1679 fassus
344 1627 425 1680 erat.
470 1612 546 1699 Quo
560 1613 686 1698 judicio
703 1629 868 1692 marest,
892 1628 930 1681 ut
952 1636 1068 1681 rerum

54 1749 90 1799 et
109 1746 385 1822 argumentorum
408 1733 602 1798 tenuitatem
625 1747 801 1800 excusaret.
833 1731 989 1800 Similiter
1001 1733 1070 1799 Pli-

54 1854 129 1919 nius
152 1853 280 1930 verbis,
303 1873 387 1938 quae
410 1852 613 1918 laudavimus
630 1875 674 1917 ex
693 1852 904 1936 praefatione,
927 1852 1071 1937 praemi-

52 1975 115 2039 sit:
150 1999 169 2040 «
182 1970 256 2036 Non
288 1971 400 2036 similis
427 1984 475 2035 est
498 1970 640 2036 conditio
669 1970 911 2054 publicantium
938 1984 971 2038 et
1005 1991 1071 2037 nc·

54 2091 212 2157 minutim
244 2089 438 2157 dicantium.
484 2089 573 2153 Tum
600 2089 720 2173 passim
734 2089 866 2156 dicere:
903 2087 992 2175 Quid
1011 2089 1072 2155 ista

58 2211 151 2298 legis,
174 2208 379 2294 imperator?
403 2209 536 2274 humili
559 2209 665 2296 vulgo
681 2211 819 2297 scripta
840 2221 945 2286 scat,
968 2212 1071 2298 agri-

56 2330 229 2406 colarum,
248 2328 419 2417 opificum
441 2328 586 2406 turbae,
608 2327 753 2416 danique
761 2327 963 2396 aradiorum
977 2332 1073 2395 clic-
1138 2337 1141 2345 '

55 2453 133 2515 sis.-
157 2450 238 2534 quid
259 2463 291 2514 te
310 2448 455 2534 judicem
480 2446 618 2513 facist»

105 2567 351 2653 Quintiliani
373 2569 414 2632 de
437 2567 563 2633 Lucilio
582 2565 743 2650 judicium
757 2567 829 2649 jam
851 2566 975 2650 partim
997 2567 1074 2632 atti·

57 2688 169 2775 gimus
182 2686 209 2752 ¹.
255 2687 366 2751 Restat
394 2698 433 2750 ut
467 2685 593 2770 reliqua
633 2705 881 2769 persequamur.
921 2683 1071 2761 Scribit,

59 2805 213 2891 primum
235 2826 312 2870 etim
339 2807 517 2891 insignem
539 2805 670 2867 laudem
687 2804 844 2885 adeptum
858 2799 971 2867 cssein
992 2803 1074 2869 sati-
1167 2794 1168 2798 ¹

58 2947 118 3002 ra,
147 2947 245 3009 seque
267 2945 335 2988 non
369 2924 478 2987 minus
510 2921 553 2986 ab
576 2921 614 2986 iis
631 2919 817 2998 dissentire,
839 2921 898 3005 qui
921 2921 1073 2988 omnibus

60 3066 141 3109 eum
168 3043 270 3127 poetis
298 3043 521 3126 praeferrent,
547 3062 652 3126 quam
674 3040 716 3106 ab
736 3039 894 3118 Horatio,
915 3040 974 3125 qui
994 3063 1072 3107 eum

46 3163 169 3254 fluere
193 3164 407 3227 lutulentum
430 3175 463 3226 et
485 3183 553 3225 esse
569 3158 731 3247 aliquid,
757 3158 1074 3248 pucdtollsrepce·

61 3285 130 3360 sie,
155 3294 306 3367 putaret:
327 3302 406 3345 nam
427 3293 460 3344 et
478 3279 694 3344 eruditionem
709 3279 743 3342 in
757 3300 796 3343 ω
817 3279 940 3344 miram
957 3301 1023 3344 esse
1041 3293 1076 3347 et

61 3402 250 3469 libertatem
279 3413 377 3484 atque
408 3399 483 3465 inde
519 3398 730 3463 acerbitatem
759 3412 792 3462 et
812 3398 942 3462 abunde
957 3396 1074 3465 salis2.

64 3521 191 3608 Mirum
227 3519 337 3584 multis
366 3517 503 3595 accidit,
534 3537 600 3602 quo
616 3519 719 3580 mado
735 3517 780 3580 ab
801 3515 936 3580 Horatio
953 3514 1077 3581 intelli·

63 3638 255 3727 &entissime
280 3637 394 3726 judice
425 3633 665 3720 Quintilianus,
698 3637 786 3700 haud
807 3637 920 3703 multo
939 3634 1075 3700 inferior

64 3760 140 3834 illo,
176 3759 355 3842 discrepare
376 3756 551 3840 potuerit,
584 3774 689 3839 quum
718 3776 777 3820 eae
807 3756 920 3831 dotes,
957 3754 1075 3840 quibus

102 4065 114 4099 ι
152 4066 179 4114 p.
205 4048 250 4106 81,
269 4045 313 4098 85.

101 4164 116 4197 2
151 4149 227 4198 Inst.
247 4147 329 4195 Orat,
352 4143 395 4207 X,
417 4159 441 4196 ι.
