2580 4756
606 361 670 424 239

132 536 223 601 davit
241 533 345 622 igitur
361 549 394 599 et
413 538 666 613 commendavit,
678 541 770 620 cujus
789 560 821 600 se
835 538 911 602 tulit
930 540 1145 604 fortissimum

133 657 303 718 custodem
326 654 537 738 rigidumque
562 657 750 730 satellitem,
780 657 956 733 virtutem,
986 659 1021 721 in
1043 681 1146 743 eaque

134 771 329 836 celebranda
360 774 449 836 haud
482 771 655 857 minorem¹
669 777 802 838 fortasse
825 796 927 857 quam
946 773 980 837 in
1002 780 1147 841 notanda

132 890 345 971 improbitate
361 911 495 971 operam
516 891 633 972 posuit.
678 889 792 974 Neque
816 893 905 955 enim
920 913 1004 976 quae
1025 893 1146 959 brevis-

134 1007 216 1071 sime
247 1009 288 1070 ad
314 1008 533 1070 definiendam
567 1009 725 1072 virtutem
759 1025 985 1091 composuerat
1008 1034 1045 1075 ac
1066 1032 1149 1075 con·

135 1126 346 1199 sinuaverat,
370 1124 466 1189 missa
489 1125 617 1189 videtur
638 1126 757 1190 fecisse.
784 1127 916 1190 Etenim
940 1129 1147 1204 Lactantius,

136 1244 195 1326 qui
217 1243 399 1306 Lucilianos
419 1245 459 1305 de
484 1245 606 1307 virtute
631 1264 739 1308 versus
757 1246 918 1320 servavit,
941 1268 1012 1310 suas
1034 1246 1149 1332 singu·

136 1361 172 1423 lis
194 1358 391 1423 definitionis
414 1360 562 1443 partibus
573 1359 791 1424 dubitationes
804 1382 970 1444 opponens
996 1363 1148 1438 «omnia,

137 1478 205 1554 ait,
237 1499 353 1542 eorum
384 1477 655 1560 philosophorum
684 1493 857 1561 praecepta
889 1481 1056 1562 pertinent
1081 1503 1148 1546 non

137 1599 179 1660 ad
214 1597 315 1660 vitam
345 1595 474 1659 homini
504 1599 777 1678 comparandam,
801 1600 857 1661 sed
884 1601 925 1660 ad
942 1602 1149 1680 quaerendas

139 1719 190 1778 vel
214 1716 254 1777 ad
278 1716 440 1799 augendas
464 1733 560 1796 opes,
584 1717 747 1792 honores,
768 1715 930 1799 gloriam,
955 1717 1149 1798 potentiam,

139 1833 410 1916 praecipiuntque
441 1830 559 1915 quibus
580 1832 685 1894 modis
709 1853 758 1895 res
776 1828 945 1895 familiaris
966 1835 1151 1915 quaerenda

140 1952 204 2025 sit,
229 1951 306 2033 quia
330 1949 442 2014 vident
462 1951 548 2011 male
572 1949 683 2031 quaeri
703 1952 814 2012 solere.
830 1969 847 2008 »
872 1946 963 2031 Quae
977 1963 1151 2035 postquam

141 2068 296 2131 indicavit
317 2067 512 2148 philosophis
522 2067 672 2149 propria,
685 2067 808 2131 addidit
820 2089 867 2141 ea,
889 2090 974 2151 quae
984 2082 1151 2151 praeterea

144 2183 335 2248 communia
348 2183 397 2246 his
419 2204 497 2247 cum
518 2183 644 2247 Lucilio
670 2198 783 2248 essent.
810 2184 1005 2249 «Sedenim
1019 2183 1153 2274 (divitiis

141 2302 288 2384 pretium
319 2297 533 2385 persolvere).
550 2307 647 2383 poeta
681 2300 851 2390 (Lucilius)
886 2317 918 2369 et
946 2305 992 2367 illi
1016 2325 1152 2378 omnes,

141 2442 221 2504 quos
250 2433 376 2484 secutus
404 2433 470 2495 est,
505 2433 726 2501 putaverunt,
750 2433 838 2484 recte
858 2422 973 2501 opibus
996 2422 1067 2495 uti,
1090 2423 1154 2484 hoe

143 2553 188 2603 est
218 2539 306 2623 frugi
326 2559 409 2612 esse,
442 2556 510 2615 non
531 2536 691 2600 instruere
714 2525 863 2600 convivia
882 2548 1070 2610 sumtuose,
1094 2557 1155 2605 nec
1204 2571 1210 2579 -

141 2654 254 2741 largiri
289 2669 431 2728 temere,
456 2673 524 2723 uon
546 2654 713 2715 ell'undere
736 2653 771 2714 in
792 2673 845 2716 res
862 2672 1077 2732 supervacuas
1098 2665 1155 2714 aut

142 2787 253 2856 turpes
288 2795 360 2835 rem
383 2771 616 2837 familiarem.»
665 2768 865 2853 Magnopere
885 2770 1065 2850 dolendum
1088 2783 1153 2842 est,

143 2914 211 2956 non
229 2891 382 2953 indicasse
400 2888 634 2962 Lactantium,
653 2909 670 2950 e
693 2907 760 2969 quo
779 2886 953 2950 satirarum
973 2887 1058 2950 libro
1080 2888 1156 2950 lon·

143 3011 272 3096 piorem
302 3007 397 3070 illum
431 3004 548 3069 Lucilii
574 3005 613 3066 de
642 2980 767 3068 virtute*
798 2985 909 3066 locum
943 3005 1155 3088 descripserit.

144 3127 274 3194 Verum
301 3125 378 3188 huic
405 3122 532 3188 silentio
554 3121 741 3205 eonjectura
765 3120 916 3186 videmur
930 3121 1023 3186 nobis
1042 3143 1156 3187 occur-

145 3265 218 3311 rere
250 3265 350 3325 posse.
397 3240 531 3306 Constat
556 3239 645 3303 enim
667 3237 754 3302 libro
771 3237 867 3304 XXV
890 3241 929 3303 de
954 3240 1157 3322 parcimonia

147 3385 244 3448 agere
275 3359 465 3434 instituisse,
501 3359 568 3423 sive
600 3357 708 3440 potius
728 3359 1014 3442 praemonuisse,
1051 3357 1096 3429 ita
1119 3371 1158 3421 ut

149 3485 279 3546 doceret
302 3483 397 3565 geilae
420 3499 488 3543 non
501 3476 577 3545 ¹esse
606 3476 845 3559 indulgendum
861 3487 1075 3556 ventremque
1101 3497 1159 3538 co-
1235 3521 1239 3526 -

149 3601 353 3671 arctandum.
402 3597 454 3662 Aa
481 3617 561 3663 eum
577 3595 678 3679 igitur
698 3595 807 3657 locum
832 3603 962 3674 praeter
978 3591 1048 3669 illa,
1074 3615 1157 3680 quae

147 3720 189 3783 de
218 3709 786 3798 sumtuariislegibus·exposuit1,
810 3709 1030 3806 pertinuerint
1055 3733 1158 3794 qnae,
