2580 4756
619 294 672 406 95,

130 519 180 584 ris
193 519 310 584 faciens
319 517 434 584 Lucilii
448 521 580 606 scripta,
590 543 668 588 cum
680 524 819 607 pme'ticss
832 525 967 590 virtutes
975 539 1048 591 tum
1061 546 1143 612 ope·

132 640 181 704 ris
198 641 369 705 materiam
390 643 538 726 respexit.
582 641 712 728 Quippe
735 648 862 710 cultum
885 646 978 710 illum
1001 649 1143 732 artisque

133 761 396 842 perfectionem,
423 785 489 848 quo
505 767 727 831 commendari
750 774 901 850 poe'mata
911 772 1037 846 solent,
1060 771 1146 835 desi-

135 882 295 959 derabat,
313 884 564 970 displicebatquc
587 887 749 952 doetrinae
766 889 979 967 mediocritas,
1002 912 1067 975 qua
1083 891 1147 954 fie-

132 1016 190 1067 ret
209 1015 248 1066 ut
270 1005 364 1069 rudia
387 1018 485 1090 atque
506 1005 675 1086 inchoata,
696 1030 762 1072 non
789 1008 1066 1096 elaboratumque
1088 1013 1145 1077 sb-

129 1126 245 1188 soluta
266 1126 579 1213 siderentur,<quse
603 1130 751 1207 fudisset,
772 1131 925 1197 carmina.
958 1128 1055 1215 Quod
1079 1132 1147 1214 ipse

136 1242 244 1325 probe
274 1247 371 1309 sensit
403 1252 523 1330 podia,
559 1248 616 1332 qui
639 1271 676 1312 ea
698 1269 781 1334 quae
803 1249 956 1314 scriberet
985 1261 1147 1336 seneque

81 1342 84 1349 ¹
130 1363 181 1426 ab
216 1365 437 1433 indoctissimis
470 1391 586 1454 neque·
603 1369 645 1435 ab
666 1371 854 1435 doctissimis
871 1370 935 1460 legi
958 1375 1040 1437 selle
1060 1371 1148 1436 dixs-

137 1495 218 1558 rst,
240 1483 330 1564 quod
346 1481 439 1545 alteri
461 1481 542 1544 nihil
565 1482 797 1568 intelligerent,
818 1483 910 1547 alteri
926 1486 999 1567 plus
1016 1485 1149 1548 fortasse

87 1619 91 1626 ·
132 1625 242 1689 quam
274 1603 342 1687 ipse
357 1601 383 1668 ¹.
429 1600 496 1671 Nec
518 1615 630 1667 tamen
654 1601 793 1682 Cicero,
814 1604 966 1688 quamvis
980 1606 1026 1670 ita
1045 1603 1149 1670 scris-

131 1723 220 1786 sime
246 1722 428 1805 judicaret,
463 1721 585 1804 sprevit
608 1741 742 1787 omnem
765 1721 878 1788 Lucilii
913 1724 1042 1806 poisin:
1066 1745 1145 1789 nam

137 1842 275 1906 inseruit
308 1842 433 1926 scriptis
469 1842 533 1907 suis
566 1863 643 1906 cum
675 1843 752 1908 ulios
783 1844 922 1909 aliorum
947 1850 1148 1928 positarum,

135 1959 253 2038 Ennii,
277 1961 389 2037 Accii,
409 1960 560 2036 Pacuvii,
580 1973 654 2025 tum
680 1982 756 2026 vero
776 1961 890 2026 Lucilii
908 1961 1055 2040 versus2,
1077 1983 1152 2027 cos·

139 2085 282 2166 demque
307 2094 377 2146 tam
407 2100 500 2165 saepe
524 2081 728 2166 studioseque
756 2069 974 2160 memoravit,
993 2096 1032 2146 ut
1050 2103 1150 2168 mag·

140 2220 265 2283 nopere
296 2199 333 2264 iis
367 2197 517 2287 gavisum
533 2211 661 2263 etcum
684 2199 941 2275 sententiarum,
965 2222 1044 2285 ques
1069 2221 1151 2264 con-

140 2322 305 2394 tinerent,
326 2316 486 2404 gravitate
505 2325 711 2381 commotum
726 2361 735 2395 ,
749 2329 823 2381 tum
841 2319 995 2402 jocorum
1015 2319 1152 2384 facetia·

140 2460 284 2524 rumque
313 2436 489 2502 luminibus
520 2435 718 2502 oblectatum
750 2461 815 2503 esse
851 2439 944 2505 facilc
980 2440 1148 2525 intelligas.

187 2560 296 2644 Atque
313 2559 358 2623 ita
380 2558 514 2644 quidem
531 2560 572 2623 ad
592 2556 819 2624 Varronem
843 2559 1070 2641 pervenimus,
1089 2579 1150 2622 cu-

133 2683 191 2765 jus
208 2681 249 2743 de
270 2676 385 2742 Lucilii
403 2676 492 2760 podsi
510 2676 673 2761 judicium
695 2675 834 2741 servavit
852 2675 993 2741 Gelliusz
1020 2676 1093 2741 «Et
1115 2676 1151 2739 in

139 2799 310 2877 carmine,
332 2798 454 2874 scribit,
480 2811 513 2861 ct
537 2797 572 2860 in
593 2797 699 2860 soluta
720 2795 865 2860 oratione
888 2817 1006 2881 genera
1022 2796 1150 2862 dicendi

141 2920 324 3006 probabilia
342 2930 420 2987 sunt
442 2918 522 2995 tria,
547 2939 630 3002 quae
653 2917 767 2982 Graeci
791 2924 986 3004 χαρακτῆρας
1008 2929 1151 2994 vocant,

141 3040 341 3124 nominaque
370 3037 414 3102 eis
448 3039 596 3101 iecerunt
616 3034 733 3120 ἁδρόν,
757 3038 881 3122 ἰσχνὸν,
916 3035 1021 3116 μέσον.
1066 3033 1154 3113 Nos,

139 3147 415 3244 quamprimum
437 3154 621 3239 posuimus,
645 3153 1151 3232 otaemvocamussecundum

141 3276 334 3368 gracilem,
357 3274 494 3339 tertium
516 3272 727 3340 mediocrem·
764 3271 871 3338 Uberi
893 3272 1032 3360 dignitas
1054 3287 1156 3359 atque

148 3395 332 3479 amplitudo
354 3406 419 3472 est,
441 3392 579 3483 gracili
601 3405 746 3484 venustas
768 3407 801 3457 et
821 3392 996 3457 subtilitas:
1020 3391 1160 3458 medius

148 3515 186 3579 in
220 3514 359 3579 confinio
390 3525 459 3589 est,
493 3512 660 3598 utriusque
681 3512 773 3578 modi
794 3511 962 3596 particeps.
1009 3509 1066 3575 His
1087 3509 1157 3575 sin·

188 3820 200 3858 1
238 3805 282 3853 De
301 3806 384 3855 Orat.
403 3799 447 3863 ll,
467 3801 494 3863 6,
515 3800 557 3854 25·

188 3922 205 3956 2
241 3903 363 3972 Quint.
380 3905 454 3953 Inst.
474 3901 554 3951 orat.
575 3898 600 3961 1,
618 3899 645 3951 8.
664 3897 708 3951 cs.
729 3898 799 3948 eie.
818 3899 955 3952 Deorat.
976 3894 1037 3958 lll,
1050 3894 1156 3956 25,86.

154 3999 278 4069 43,171.
313 4001 404 4050 Bruto
430 4015 475 4067 79,
505 3997 565 4066 274.
602 4000 681 4049 orat.
699 3995 744 4060 tl,
765 3994 825 4064 149.
843 3995 886 4046 De
905 3995 1154 4064 epinges-oran..

154 4097 182 4159 6,
201 4110 242 4166 η,
275 4097 411 4165 Tuss.Q.
433 4094 585 4165 ll,17,ir
611 4120 642 4130 -

1258 4024 1269 4085 l
