2580 4756
700 366 702 370 ‘
724 358 789 417 260

234 536 371 620 legitur,
393 536 449 596 etsi
465 533 618 595 Lucretio
638 536 678 593 de
699 553 812 593 rerum
831 545 949 594 natura
972 534 1129 597 scribenti
1153 537 1235 600 unice

233 653 406 716 convenire
425 650 595 722 videatur,
619 663 729 711 tamon
750 670 769 711 a
788 647 955 712 Luciliano
979 653 1067 731 poe'si
1091 675 1157 716 non
1169 656 1234 717 alie·

233 791 293 832 nus
317 781 384 843 est,
408 789 506 850 quem
528 766 667 830 vidimus
689 766 821 848 physica
846 788 1043 832 memorasse
1057 769 1084 832 ¹.

276 1003 452 1074 Videamus
473 1008 565 1093 jam,
591 1029 658 1092 quo
681 1023 828 1091 tempore
851 1003 964 1073 satiras
976 1026 1049 1073 suas
1061 1006 1231 1091 scripserit,

233 1142 306 1203 aut,
328 1128 352 1190 si
375 1127 497 1198 mavis,
520 1126 690 1189 dictaverit
704 1125 857 1187 Lucilius.
884 1125 1230 1203 inchoasseeumnon·

233 1249 340 1318 nulla,
367 1265 433 1328 quo
460 1254 611 1324 tempore
634 1245 669 1305 in
693 1243 802 1306 castris
816 1245 855 1304 ad
871 1240 1087 1306 Numantiam
1104 1265 1229 1308 versare·

231 1377 307 1436 tur,
323 1383 421 1443 snpra
444 1361 616 1423 statuimus
631 1359 657 1421 2.
682 1360 864 1422 Exordium
883 1372 993 1422 autem
1018 1361 1101 1424 illud
1122 1364 1159 1424 de
1182 1383 1229 1423 us·

235 1480 347 1541 theris
372 1491 403 1540 et
427 1490 542 1540 terroe
558 1477 755 1564 genitabili
779 1488 928 1560 tempore
954 1477 1228 1562 quaerendumne

231 1597 421 1660 adolescenti
454 1593 629 1670 convenit,
666 1615 704 1657 eo
740 1595 808 1675 ipso
843 1607 993 1675 tempore
1029 1593 1183 1677 Scipionis
1202 1607 1227 1657 et

230 1714 346 1780 Rutilii
367 1717 406 1777 de
428 1712 616 1777 coelestibus
631 1713 727 1775 rebus
739 1711 942 1774 sermonibus
954 1715 1129 1793 praesenti.
1152 1712 1226 1795 Quo

231 1835 331 1895 modo
363 1853 442 1895 vero
474 1832 551 1893 huic
578 1832 710 1894 exordio
745 1830 898 1912 proxima
930 1844 1006 1912 epta
1041 1833 1181 1904 fuerint,
1200 1845 1226 1893 et

217 1956 325 2033 ,poeta
344 1950 492 2012 Deorum
513 1949 689 2014 concilium
715 1945 903 2022 induxerit,
927 1969 994 2010 non
1018 1962 1122 2031 patet.
1155 1949 1226 2011 For·

228 2082 308 2132 tasse
330 2067 510 2130 celebratae
534 2088 647 2129 rerum
673 2065 862 2129 coelestium
883 2065 1227 2151 investigatiomoppo·

228 2185 293 2246 suit
324 2185 569 2247 celebratiorem
603 2197 635 2246 et
656 2183 790 2245 homine
813 2184 997 2267 digniorem
1021 2197 1055 2248 et
1076 2205 1154 2248 rero
1170 2184 1225 2246 uri·

230 2301 344 2362 liorem
374 2301 413 2360 de
445 2299 512 2361 vita
538 2313 570 2360 et
597 2300 743 2362 moribus
777 2301 927 2362 humanis
963 2300 1224 2383 disquisitionem,

228 2420 362 2501 ejusque
390 2415 619 2499 praestantiam
642 2437 681 2478 eo
700 2417 959 2493 demonstrarit,
984 2421 1075 2499 quod
1104 2441 1144 2480 ne
1168 2418 1226 2480 Diis

227 2537 361 2621 quidem
397 2537 618 2597 humanarum
641 2556 753 2596 rerum
779 2555 858 2596 cura
879 2534 1077 2616 displiceret.
1126 2533 1225 2618 Quum

227 2675 305 2720 vero
329 2654 572 2735 acceperimus,
596 2653 706 2734 primo
727 2652 811 2714 libro
835 2664 947 2715 actum
968 2672 1034 2716 esse
1053 2653 1140 2717 inter
1155 2653 1227 2715 Deos

227 2776 268 2836 dc
305 2773 389 2854 Lupi
425 2771 581 2845 interitu,
615 2771 634 2832 i.
655 2792 683 2833 e.
717 2789 783 2852 quo
804 2770 955 2852 supplicii
979 2790 1102 2856 genere
1123 2771 1227 2855 diguus

228 2889 364 2953 esseiste
376 2890 563 2963 rideretur,
588 2909 694 2970 neque
715 2869 885 2970 interpreti
904 2889 983 2951 fides
1003 2893 1154 2974 neganda
1172 2889 1226 2952 risa

219 3001 268 3073 'sit
290 3008 325 3071 P.
351 3007 514 3070 Rutilium
540 3007 674 3088 Lupum
699 3006 884 3081 exhibenti,
910 3007 967 3088 qui
981 3007 1068 3071 circa
1088 3022 1226 3089 tempora

229 3125 304 3187 belli
337 3123 528 3185 Numantini
551 3136 645 3185 natus
665 3137 712 3185 est
725 3123 752 3197 3,
778 3143 902 3185 necesse
925 3136 972 3186 est
996 3124 1226 3194 existimemus,

228 3262 305 3304 eum
325 3261 409 3324 quae
433 3239 524 3320 prius
541 3241 582 3301 de
605 3242 743 3303 deorum
765 3236 904 3303 concilio
920 3240 1123 3317 instituisset,
1146 3253 1226 3323 post-

228 3384 264 3425 ea
304 3361 350 3423 sic
382 3371 523 3421 mutasse
561 3371 598 3420 ut
635 3357 772 3439 Lupus,
807 3356 959 3439 princeps
992 3379 1152 3440 persona,
1184 3377 1225 3420 ae

228 3483 355 3542 cederet
374 3480 423 3541 vel
448 3476 555 3559 potius
578 3475 847 3556 praemitteretur
866 3475 921 3546 iis,
946 3495 1027 3557 quos
1049 3477 1121 3558 jam
1144 3495 1226 3538 com·

192 3656 193 3660 ,
228 3611 438 3662 memorasset
471 3609 576 3658 antea.
626 3592 712 3658 Hinc
736 3614 814 3656 vero
834 3593 915 3654 nihil
940 3593 1080 3658 efficitur
1098 3595 1136 3657 ad
1159 3611 1225 3655 con·

230 3775 506 3788 mnne—n·-

264 3890 275 3926 ι
316 3873 408 3940 1».195
447 3874 600 3939 etp-2⁴0.

264 3991 277 4023 2
316 3988 340 4031 l’·
364 3970 467 4038 16978·
540 3968 541 3972 ¹

264 4071 278 4118 l
315 4063 383 4131 Snp.
408 4084 433 4130 p.
456 4066 516 4127 164,
540 4080 587 4135 ¹99
607 4082 669 4134 sqq.
733 4078 738 4089 '
766 4078 769 4083 ’
