<?xml version="1.0" encoding="UTF-8"?>
<!DOCTYPE html PUBLIC "-//W3C//DTD XHTML 1.0 Transitional//EN"
    "http://www.w3.org/TR/xhtml1/DTD/xhtml1-transitional.dtd">
<html xmlns="http://www.w3.org/1999/xhtml" xml:lang="en" lang="en">
 <head>
  <title>
</title>
<meta http-equiv="Content-Type" content="text/html;charset=utf-8" />
  <meta name='ocr-system' content='tesseract 3.04.00' />
  <meta name='ocr-capabilities' content='ocr_page ocr_carea ocr_par ocr_line ocrx_word'/>
</head>
<body>
  <div class='ocr_page' id='page_1' title='image "./studiacriticain00heusgoog_0061.png"; bbox 0 0 2580 4756; ppageno 0'>
   <div class='ocr_carea' id='block_1_1' title="bbox 616 286 657 346">
    <p class='ocr_par' dir='ltr' id='par_1_1' title="bbox 616 286 657 346">
     <span class='ocr_line' id='line_1_1' title="bbox 616 286 657 346; baseline -0.024 0"><span class='ocrx_word' id='word_1_1' title='bbox 616 286 657 346; x_wconf 86' lang='lat'>50</span> 
     </span>
    </p>
   </div>
   <div class='ocr_carea' id='block_1_2' title="bbox 133 461 1147 2683">
    <p class='ocr_par' dir='ltr' id='par_1_2' title="bbox 133 461 1147 2683">
     <span class='ocr_line' id='line_1_2' title="bbox 133 461 1136 551; baseline 0.004 -23"><span class='ocrx_word' id='word_1_2' title='bbox 133 463 342 550; x_wconf 90' lang='lat' dir='ltr'>ligentissime</span> <span class='ocrx_word' id='word_1_3' title='bbox 365 472 526 538; x_wconf 83' lang='lat' dir='ltr'>versatus,</span> <span class='ocrx_word' id='word_1_4' title='bbox 554 475 591 527; x_wconf 90' lang='lat' dir='ltr'>ut</span> <span class='ocrx_word' id='word_1_5' title='bbox 616 463 693 548; x_wconf 89' lang='lat' dir='ltr'>legis</span> <span class='ocrx_word' id='word_1_6' title='bbox 715 461 853 528; x_wconf 89' lang='lat' dir='ltr'>Thoriae</span> <span class='ocrx_word' id='word_1_7' title='bbox 874 465 1064 551; x_wconf 81' lang='lat' dir='ltr'>fragmenta</span> <span class='ocrx_word' id='word_1_8' title='bbox 1083 487 1136 532; x_wconf 77' lang='lat' dir='ltr'>no</span> 
     </span>
     <span class='ocr_line' id='line_1_3' title="bbox 134 559 1137 667; baseline 0.005 -22"><span class='ocrx_word' id='word_1_9' title='bbox 134 582 183 645; x_wconf 92' lang='lat' dir='ltr'>bis</span> <span class='ocrx_word' id='word_1_10' title='bbox 218 603 255 644; x_wconf 90' lang='lat' dir='ltr'>ea</span> <span class='ocrx_word' id='word_1_11' title='bbox 279 602 343 645; x_wconf 92' lang='lat' dir='ltr'>esse</span> <span class='ocrx_word' id='word_1_12' title='bbox 360 559 618 658; x_wconf 82' lang='lat' dir='ltr'>demonstraret,</span> <span class='ocrx_word' id='word_1_13' title='bbox 650 602 733 667; x_wconf 91' lang='lat' dir='ltr'>quae</span> <span class='ocrx_word' id='word_1_14' title='bbox 756 582 887 648; x_wconf 82' lang='lat' dir='ltr'>exhibet</span> <span class='ocrx_word' id='word_1_15' title='bbox 908 605 1009 649; x_wconf 89' lang='lat' dir='ltr'>aenea</span> <span class='ocrx_word' id='word_1_16' title='bbox 1030 584 1137 650; x_wconf 80' lang='lat' dir='ltr'>tabula</span> 
     </span>
     <span class='ocr_line' id='line_1_4' title="bbox 135 698 1137 790; baseline 0.006 -27"><span class='ocrx_word' id='word_1_17' title='bbox 135 701 169 763; x_wconf 95' lang='lat' dir='ltr'>in</span> <span class='ocrx_word' id='word_1_18' title='bbox 198 698 313 763; x_wconf 86' lang='lat' dir='ltr'>Museis</span> <span class='ocrx_word' id='word_1_19' title='bbox 334 698 576 766; x_wconf 68' lang='lat' dir='ltr'>vindobonensi</span> <span class='ocrx_word' id='word_1_20' title='bbox 599 713 633 765; x_wconf 92' lang='lat' dir='ltr'>et</span> <span class='ocrx_word' id='word_1_21' title='bbox 654 699 863 785; x_wconf 88' lang='lat' dir='ltr'>Neapolitano</span> <span class='ocrx_word' id='word_1_22' title='bbox 875 715 1013 769; x_wconf 77' lang='lat' dir='ltr'>serrata.</span> <span class='ocrx_word' id='word_1_23' title='bbox 1049 701 1137 790; x_wconf 88' lang='lat' dir='ltr'>Quae</span> 
     </span>
     <span class='ocr_line' id='line_1_5' title="bbox 136 817 1139 907; baseline 0.005 -25"><span class='ocrx_word' id='word_1_24' title='bbox 136 817 309 900; x_wconf 89' lang='lat' dir='ltr'>disputatio</span> <span class='ocrx_word' id='word_1_25' title='bbox 331 831 368 882; x_wconf 92' lang='lat' dir='ltr'>ut</span> <span class='ocrx_word' id='word_1_26' title='bbox 389 840 544 906; x_wconf 89' lang='lat' dir='ltr'>magnam</span> <span class='ocrx_word' id='word_1_27' title='bbox 561 817 659 882; x_wconf 87' lang='lat' dir='ltr'>habet</span> <span class='ocrx_word' id='word_1_28' title='bbox 669 819 789 906; x_wconf 84' lang='lat' dir='ltr'>ingenii</span> <span class='ocrx_word' id='word_1_29' title='bbox 798 819 975 907; x_wconf 86' lang='lat' dir='ltr'>judiciique</span> <span class='ocrx_word' id='word_1_30' title='bbox 986 824 1139 900; x_wconf 85' lang='lat' dir='ltr'>laudem,</span> 
     </span>
     <span class='ocr_line' id='line_1_6' title="bbox 135 936 1139 1024; baseline 0.007 -25"><span class='ocrx_word' id='word_1_31' title='bbox 135 938 181 1002; x_wconf 87' lang='lat' dir='ltr'>ita</span> <span class='ocrx_word' id='word_1_32' title='bbox 200 958 267 1000; x_wconf 93' lang='lat' dir='ltr'>non</span> <span class='ocrx_word' id='word_1_33' title='bbox 291 937 442 1002; x_wconf 90' lang='lat' dir='ltr'>omnibus</span> <span class='ocrx_word' id='word_1_34' title='bbox 461 936 621 1002; x_wconf 81' lang='lat' dir='ltr'><strong>satisfecit.</strong></span> <span class='ocrx_word' id='word_1_35' title='bbox 656 937 807 1004; x_wconf 88' lang='lat' dir='ltr'>Dissensit</span> <span class='ocrx_word' id='word_1_36' title='bbox 840 939 927 1002; x_wconf 91' lang='lat' dir='ltr'>enim</span> <span class='ocrx_word' id='word_1_37' title='bbox 949 941 1139 1024; x_wconf 83' lang='lat' dir='ltr'>nuperrime</span> 
     </span>
     <span class='ocr_line' id='line_1_7' title="bbox 137 1055 1138 1144; baseline 0.006 -25"><span class='ocrx_word' id='word_1_38' title='bbox 137 1056 178 1119; x_wconf 85' lang='lat' dir='ltr'>ab</span> <span class='ocrx_word' id='word_1_39' title='bbox 199 1076 237 1119; x_wconf 90' lang='lat' dir='ltr'>eo</span> <span class='ocrx_word' id='word_1_40' title='bbox 258 1055 298 1120; x_wconf 89' lang='lat' dir='ltr'>G.</span> <span class='ocrx_word' id='word_1_41' title='bbox 318 1056 489 1132; x_wconf 89' lang='lat' dir='ltr'>Zeiss¹‚</span> <span class='ocrx_word' id='word_1_42' title='bbox 513 1056 570 1142; x_wconf 91' lang='lat' dir='ltr'>qui</span> <span class='ocrx_word' id='word_1_43' title='bbox 590 1056 786 1122; x_wconf 85' lang='lat' dir='ltr'>Rudorffum</span> <span class='ocrx_word' id='word_1_44' title='bbox 807 1056 998 1144; x_wconf 87' lang='lat' dir='ltr'>diligentem</span> <span class='ocrx_word' id='word_1_45' title='bbox 1008 1059 1138 1125; x_wconf 89' lang='lat' dir='ltr'>illorum</span> 
     </span>
     <span class='ocr_line' id='line_1_8' title="bbox 138 1175 1139 1261; baseline 0.008 -24"><span class='ocrx_word' id='word_1_46' title='bbox 138 1175 215 1260; x_wconf 86' lang='lat' dir='ltr'>legis</span> <span class='ocrx_word' id='word_1_47' title='bbox 234 1175 378 1261; x_wconf 73' lang='lat' dir='ltr'>agrariae</span> <span class='ocrx_word' id='word_1_48' title='bbox 389 1178 652 1261; x_wconf 75' lang='lat' dir='ltr'>fragmentorum</span> <span class='ocrx_word' id='word_1_49' title='bbox 674 1176 886 1260; x_wconf 84' lang='lat' dir='ltr'>interpretem</span> <span class='ocrx_word' id='word_1_50' title='bbox 898 1180 1052 1256; x_wconf 87' lang='lat' dir='ltr'>laudans,</span> <span class='ocrx_word' id='word_1_51' title='bbox 1065 1200 1139 1245; x_wconf 86' lang='lat' dir='ltr'>etun</span> 
     </span>
     <span class='ocr_line' id='line_1_9' title="bbox 137 1293 1141 1382; baseline 0.003 -25"><span class='ocrx_word' id='word_1_52' title='bbox 137 1314 215 1357; x_wconf 90' lang='lat' dir='ltr'>cum</span> <span class='ocrx_word' id='word_1_53' title='bbox 245 1295 284 1357; x_wconf 92' lang='lat' dir='ltr'>de</span> <span class='ocrx_word' id='word_1_54' title='bbox 304 1293 491 1380; x_wconf 77' lang='lat' dir='ltr'>legislatoris</span> <span class='ocrx_word' id='word_1_55' title='bbox 513 1294 643 1358; x_wconf 88' lang='lat' dir='ltr'>consilio</span> <span class='ocrx_word' id='word_1_56' title='bbox 662 1295 824 1380; x_wconf 89' lang='lat' dir='ltr'>totiusque</span> <span class='ocrx_word' id='word_1_57' title='bbox 853 1295 931 1382; x_wconf 89' lang='lat' dir='ltr'>legis</span> <span class='ocrx_word' id='word_1_58' title='bbox 957 1297 1026 1360; x_wconf 82' lang='lat' dir='ltr'>fine</span> <span class='ocrx_word' id='word_1_59' title='bbox 1044 1297 1141 1363; x_wconf 88' lang='lat' dir='ltr'>aber·</span> 
     </span>
     <span class='ocr_line' id='line_1_10' title="bbox 138 1411 1140 1496; baseline 0.005 -20"><span class='ocrx_word' id='word_1_60' title='bbox 138 1433 231 1488; x_wconf 88' lang='lat' dir='ltr'>rasse,</span> <span class='ocrx_word' id='word_1_61' title='bbox 243 1425 327 1488; x_wconf 87' lang='lat' dir='ltr'>tum,</span> <span class='ocrx_word' id='word_1_62' title='bbox 342 1432 517 1496; x_wconf 86' lang='lat' dir='ltr'>perperam</span> <span class='ocrx_word' id='word_1_63' title='bbox 536 1413 684 1478; x_wconf 90' lang='lat' dir='ltr'>restituto</span> <span class='ocrx_word' id='word_1_64' title='bbox 706 1411 835 1478; x_wconf 72' lang='lat' dir='ltr'>Beris·</span> <span class='ocrx_word' id='word_1_65' title='bbox 854 1415 999 1492; x_wconf 90' lang='lat' dir='ltr'>nomine,</span> <span class='ocrx_word' id='word_1_66' title='bbox 1013 1415 1140 1481; x_wconf 86' lang='lat' dir='ltr'>tabulae</span> 
     </span>
     <span class='ocr_line' id='line_1_11' title="bbox 138 1529 1140 1620; baseline 0.006 -27"><span class='ocrx_word' id='word_1_67' title='bbox 138 1532 323 1616; x_wconf 81' lang='lat' dir='ltr'>fragmenta</span> <span class='ocrx_word' id='word_1_68' title='bbox 342 1532 427 1595; x_wconf 89' lang='lat' dir='ltr'>male</span> <span class='ocrx_word' id='word_1_69' title='bbox 456 1533 497 1594; x_wconf 87' lang='lat' dir='ltr'>ad</span> <span class='ocrx_word' id='word_1_70' title='bbox 512 1534 740 1617; x_wconf 76' lang='lat' dir='ltr'>posteriorem</span> <span class='ocrx_word' id='word_1_71' title='bbox 762 1529 903 1616; x_wconf 81' lang='lat' dir='ltr'>Appiani</span> <span class='ocrx_word' id='word_1_72' title='bbox 922 1536 1033 1620; x_wconf 90' lang='lat' dir='ltr'>legem</span> <span class='ocrx_word' id='word_1_73' title='bbox 1055 1547 1140 1600; x_wconf 87' lang='lat' dir='ltr'>retu·</span> 
     </span>
     <span class='ocr_line' id='line_1_12' title="bbox 138 1649 1140 1738; baseline 0.003 -24"><span class='ocrx_word' id='word_1_74' title='bbox 138 1649 208 1714; x_wconf 82' lang='lat' dir='ltr'>iisse</span> <span class='ocrx_word' id='word_1_75' title='bbox 226 1649 406 1734; x_wconf 87' lang='lat' dir='ltr'>judicavit,</span> <span class='ocrx_word' id='word_1_76' title='bbox 430 1670 535 1734; x_wconf 88' lang='lat' dir='ltr'>quum</span> <span class='ocrx_word' id='word_1_77' title='bbox 557 1650 625 1716; x_wconf 90' lang='lat' dir='ltr'>sine</span> <span class='ocrx_word' id='word_1_78' title='bbox 648 1651 749 1715; x_wconf 90' lang='lat' dir='ltr'>dubio</span> <span class='ocrx_word' id='word_1_79' title='bbox 771 1653 812 1716; x_wconf 90' lang='lat' dir='ltr'>ad</span> <span class='ocrx_word' id='word_1_80' title='bbox 829 1655 988 1738; x_wconf 82' lang='lat' dir='ltr'>priorem</span> <span class='ocrx_word' id='word_1_81' title='bbox 999 1657 1140 1719; x_wconf 86' lang='lat' dir='ltr'>releren-</span> 
     </span>
     <span class='ocr_line' id='line_1_13' title="bbox 139 1769 1142 1862; baseline 0.003 -29"><span class='ocrx_word' id='word_1_82' title='bbox 139 1770 181 1833; x_wconf 92' lang='lat' dir='ltr'>da</span> <span class='ocrx_word' id='word_1_83' title='bbox 201 1782 315 1834; x_wconf 89' lang='lat' dir='ltr'>essent.</span> <span class='ocrx_word' id='word_1_84' title='bbox 350 1769 709 1856; x_wconf 84' lang='lat' dir='ltr'>Itaquequaerendum</span> <span class='ocrx_word' id='word_1_85' title='bbox 727 1782 792 1846; x_wconf 90' lang='lat' dir='ltr'>est,</span> <span class='ocrx_word' id='word_1_86' title='bbox 817 1792 922 1854; x_wconf 92' lang='lat' dir='ltr'>quum</span> <span class='ocrx_word' id='word_1_87' title='bbox 944 1792 995 1836; x_wconf 89' lang='lat' dir='ltr'>res</span> <span class='ocrx_word' id='word_1_88' title='bbox 1018 1773 1056 1836; x_wconf 96' lang='lat' dir='ltr'>in</span> <span class='ocrx_word' id='word_1_89' title='bbox 1077 1773 1142 1862; x_wconf 75' lang='lat' dir='ltr'>dis·¹</span> 
     </span>
     <span class='ocr_line' id='line_1_14' title="bbox 140 1879 1142 1971; baseline 0.003 -21"><span class='ocrx_word' id='word_1_90' title='bbox 140 1888 356 1971; x_wconf 87' lang='lat' dir='ltr'>ceptationem</span> <span class='ocrx_word' id='word_1_91' title='bbox 388 1879 534 1966; x_wconf 65' lang='lat' dir='ltr'>benerit,</span> <span class='ocrx_word' id='word_1_92' title='bbox 565 1887 668 1952; x_wconf 89' lang='lat' dir='ltr'>utrius</span> <span class='ocrx_word' id='word_1_93' title='bbox 692 1888 849 1952; x_wconf 87' lang='lat' dir='ltr'>sententia</span> <span class='ocrx_word' id='word_1_94' title='bbox 868 1891 1083 1971; x_wconf 85' lang='lat' dir='ltr'>praeferenda</span> <span class='ocrx_word' id='word_1_95' title='bbox 1098 1891 1142 1956; x_wconf 80' lang='lat' dir='ltr'>ri-</span> 
     </span>
     <span class='ocr_line' id='line_1_15' title="bbox 140 2005 1141 2095; baseline 0.005 -27"><span class='ocrx_word' id='word_1_96' title='bbox 140 2007 267 2071; x_wconf 83' lang='lat' dir='ltr'>deatur.</span> <span class='ocrx_word' id='word_1_97' title='bbox 290 2005 483 2090; x_wconf 89' lang='lat' dir='ltr'>Suspectum</span> <span class='ocrx_word' id='word_1_98' title='bbox 504 2005 632 2070; x_wconf 80' lang='lat' dir='ltr'>Berie&#39;</span> <span class='ocrx_word' id='word_1_99' title='bbox 644 2026 765 2069; x_wconf 91' lang='lat' dir='ltr'>nomen</span> <span class='ocrx_word' id='word_1_100' title='bbox 782 2027 864 2082; x_wconf 90' lang='lat' dir='ltr'>esse,</span> <span class='ocrx_word' id='word_1_101' title='bbox 878 2028 977 2070; x_wconf 91' lang='lat' dir='ltr'>nemo</span> <span class='ocrx_word' id='word_1_102' title='bbox 989 2008 1141 2095; x_wconf 87' lang='lat' dir='ltr'>negabit,</span> 
     </span>
     <span class='ocr_line' id='line_1_16' title="bbox 142 2124 1142 2207; baseline 0.005 -22"><span class='ocrx_word' id='word_1_103' title='bbox 142 2125 198 2207; x_wconf 89' lang='lat' dir='ltr'>qui</span> <span class='ocrx_word' id='word_1_104' title='bbox 209 2124 418 2206; x_wconf 87' lang='lat' dir='ltr'>posteriorem</span> <span class='ocrx_word' id='word_1_105' title='bbox 430 2124 601 2188; x_wconf 91' lang='lat' dir='ltr'>tribunum</span> <span class='ocrx_word' id='word_1_106' title='bbox 615 2124 774 2189; x_wconf 91' lang='lat' dir='ltr'>Thorium</span> <span class='ocrx_word' id='word_1_107' title='bbox 786 2125 879 2190; x_wconf 83' lang='lat' dir='ltr'>fuisse</span> <span class='ocrx_word' id='word_1_108' title='bbox 893 2127 1142 2193; x_wconf 83' lang='lat' dir='ltr'>existimaverit:</span> 
     </span>
     <span class='ocr_line' id='line_1_17' title="bbox 143 2242 1143 2334; baseline 0.006 -29"><span class='ocrx_word' id='word_1_109' title='bbox 143 2255 241 2327; x_wconf 83' lang='lat' dir='ltr'>auget</span> <span class='ocrx_word' id='word_1_110' title='bbox 260 2263 336 2306; x_wconf 84' lang='lat' dir='ltr'>vero</span> <span class='ocrx_word' id='word_1_111' title='bbox 358 2242 574 2325; x_wconf 83' lang='lat' dir='ltr'>corruptionis</span> <span class='ocrx_word' id='word_1_112' title='bbox 586 2242 800 2326; x_wconf 72' lang='lat' dir='ltr'>suspicionem</span> <span class='ocrx_word' id='word_1_113' title='bbox 812 2245 1031 2328; x_wconf 89' lang='lat' dir='ltr'>praenominis</span> <span class='ocrx_word' id='word_1_114' title='bbox 1054 2243 1143 2334; x_wconf 80' lang='lat' dir='ltr'>Spu·</span> 
     </span>
     <span class='ocr_line' id='line_1_18' title="bbox 143 2359 1144 2445; baseline 0.006 -21"><span class='ocrx_word' id='word_1_115' title='bbox 143 2362 209 2426; x_wconf 80' lang='lat' dir='ltr'>rii</span> <span class='ocrx_word' id='word_1_116' title='bbox 230 2359 406 2424; x_wconf 90' lang='lat' dir='ltr'>similitudo</span> <span class='ocrx_word' id='word_1_117' title='bbox 419 2405 428 2437; x_wconf 92' lang='lat'><strong><em>‚</em></strong></span> <span class='ocrx_word' id='word_1_118' title='bbox 441 2363 529 2445; x_wconf 90' lang='lat' dir='ltr'>quod</span> <span class='ocrx_word' id='word_1_119' title='bbox 538 2360 633 2425; x_wconf 90' lang='lat' dir='ltr'>Borio</span> <span class='ocrx_word' id='word_1_120' title='bbox 651 2373 683 2425; x_wconf 90' lang='lat' dir='ltr'>et</span> <span class='ocrx_word' id='word_1_121' title='bbox 700 2362 823 2426; x_wconf 92' lang='lat' dir='ltr'>Thorio</span> <span class='ocrx_word' id='word_1_122' title='bbox 837 2384 1013 2429; x_wconf 90' lang='lat' dir='ltr'>commune</span> <span class='ocrx_word' id='word_1_123' title='bbox 1029 2367 1144 2443; x_wconf 83' lang='lat' dir='ltr'>fuerit,</span> 
     </span>
     <span class='ocr_line' id='line_1_19' title="bbox 144 2479 1146 2565; baseline 0.005 -21"><span class='ocrx_word' id='word_1_124' title='bbox 144 2493 295 2565; x_wconf 89' lang='lat' dir='ltr'>recteque</span> <span class='ocrx_word' id='word_1_125' title='bbox 324 2479 554 2544; x_wconf 80' lang='lat' dir='ltr'>animadvertit</span> <span class='ocrx_word' id='word_1_126' title='bbox 586 2479 690 2557; x_wconf 86' lang='lat' dir='ltr'>Zeiss,</span> <span class='ocrx_word' id='word_1_127' title='bbox 711 2481 737 2544; x_wconf 89' lang='lat' dir='ltr'>si</span> <span class='ocrx_word' id='word_1_128' title='bbox 756 2502 792 2545; x_wconf 89' lang='lat' dir='ltr'>re</span> <span class='ocrx_word' id='word_1_129' title='bbox 810 2503 886 2548; x_wconf 85' lang='lat' dir='ltr'>vera</span> <span class='ocrx_word' id='word_1_130' title='bbox 905 2483 1074 2550; x_wconf 85' lang='lat' dir='ltr'>exstitisset</span> <span class='ocrx_word' id='word_1_131' title='bbox 1096 2488 1146 2551; x_wconf 88' lang='lat' dir='ltr'>lex</span> 
     </span>
     <span class='ocr_line' id='line_1_20' title="bbox 144 2599 1147 2683; baseline 0.005 -19"><span class='ocrx_word' id='word_1_132' title='bbox 144 2600 260 2677; x_wconf 91' lang='lat' dir='ltr'>Boria,</span> <span class='ocrx_word' id='word_1_133' title='bbox 294 2621 424 2683; x_wconf 88' lang='lat' dir='ltr'>prorsus</span> <span class='ocrx_word' id='word_1_134' title='bbox 451 2599 576 2663; x_wconf 89' lang='lat' dir='ltr'>mirum</span> <span class='ocrx_word' id='word_1_135' title='bbox 600 2599 720 2676; x_wconf 83' lang='lat' dir='ltr'>videri,</span> <span class='ocrx_word' id='word_1_136' title='bbox 743 2600 868 2665; x_wconf 88' lang='lat' dir='ltr'>silentio</span> <span class='ocrx_word' id='word_1_137' title='bbox 888 2623 960 2665; x_wconf 89' lang='lat' dir='ltr'>eam</span> <span class='ocrx_word' id='word_1_138' title='bbox 975 2602 1010 2667; x_wconf 89' lang='lat' dir='ltr'>in</span> <span class='ocrx_word' id='word_1_139' title='bbox 1030 2603 1147 2669; x_wconf 87' lang='lat' dir='ltr'>tabulis</span> 
     </span>
    </p>
   </div>
   <div class='ocr_carea' id='block_1_3' title="bbox 144 2704 1150 3282">
    <p class='ocr_par' dir='ltr' id='par_1_3' title="bbox 144 2704 1150 3282">
     <span class='ocr_line' id='line_1_21' title="bbox 145 2704 1146 2808; baseline 0.004 -24"><span class='ocrx_word' id='word_1_140' title='bbox 145 2704 428 2803; x_wconf 86' lang='lat' dir='ltr'>praetermissam,</span> <span class='ocrx_word' id='word_1_141' title='bbox 454 2719 545 2804; x_wconf 86' lang='lat' dir='ltr'>cujus</span> <span class='ocrx_word' id='word_1_142' title='bbox 562 2740 628 2784; x_wconf 93' lang='lat' dir='ltr'>non</span> <span class='ocrx_word' id='word_1_143' title='bbox 650 2719 759 2783; x_wconf 91' lang='lat' dir='ltr'>minor</span> <span class='ocrx_word' id='word_1_144' title='bbox 782 2732 861 2784; x_wconf 88' lang='lat' dir='ltr'>esset</span> <span class='ocrx_word' id='word_1_145' title='bbox 884 2720 1023 2806; x_wconf 83' lang='lat' dir='ltr'>gravitas</span> <span class='ocrx_word' id='word_1_146' title='bbox 1047 2744 1146 2808; x_wconf 90' lang='lat' dir='ltr'>quam</span> 
     </span>
     <span class='ocr_line' id='line_1_22' title="bbox 144 2838 1148 2926; baseline 0.005 -26"><span class='ocrx_word' id='word_1_147' title='bbox 144 2850 328 2902; x_wconf 89' lang='lat' dir='ltr'>ceterarum</span> <span class='ocrx_word' id='word_1_148' title='bbox 349 2840 471 2924; x_wconf 91' lang='lat' dir='ltr'>legum,</span> <span class='ocrx_word' id='word_1_149' title='bbox 498 2859 581 2922; x_wconf 91' lang='lat' dir='ltr'>quae</span> <span class='ocrx_word' id='word_1_150' title='bbox 604 2839 639 2901; x_wconf 91' lang='lat' dir='ltr'>in</span> <span class='ocrx_word' id='word_1_151' title='bbox 656 2838 692 2902; x_wconf 92' lang='lat' dir='ltr'>iis</span> <span class='ocrx_word' id='word_1_152' title='bbox 716 2852 941 2903; x_wconf 91' lang='lat' dir='ltr'>memorentur</span> <span class='ocrx_word' id='word_1_153' title='bbox 953 2838 980 2905; x_wconf 72' lang='lat'>2.</span> <span class='ocrx_word' id='word_1_154' title='bbox 1026 2838 1148 2926; x_wconf 86' lang='lat' dir='ltr'>Quodsi</span> 
     </span>
     <span class='ocr_line' id='line_1_23' title="bbox 146 2954 1147 3039; baseline 0.007 -21"><span class='ocrx_word' id='word_1_155' title='bbox 146 2976 222 3018; x_wconf 85' lang='lat' dir='ltr'>vero</span> <span class='ocrx_word' id='word_1_156' title='bbox 238 2954 320 3019; x_wconf 89' lang='lat' dir='ltr'>ratio</span> <span class='ocrx_word' id='word_1_157' title='bbox 339 2958 470 3032; x_wconf 88' lang='lat' dir='ltr'>suadet,</span> <span class='ocrx_word' id='word_1_158' title='bbox 495 2968 533 3019; x_wconf 91' lang='lat' dir='ltr'>ut</span> <span class='ocrx_word' id='word_1_159' title='bbox 558 2955 708 3039; x_wconf 88' lang='lat' dir='ltr'>Appiano</span> <span class='ocrx_word' id='word_1_160' title='bbox 730 2956 842 3019; x_wconf 88' lang='lat' dir='ltr'>Thorii</span> <span class='ocrx_word' id='word_1_161' title='bbox 867 2960 1147 3024; x_wconf 88' lang='lat' dir='ltr'>nomenrestitua·</span> 
     </span>
     <span class='ocr_line' id='line_1_24' title="bbox 148 3073 1149 3165; baseline 0.006 -29"><span class='ocrx_word' id='word_1_162' title='bbox 148 3086 226 3150; x_wconf 88' lang='lat' dir='ltr'>tur,</span> <span class='ocrx_word' id='word_1_163' title='bbox 257 3074 386 3160; x_wconf 89' lang='lat' dir='ltr'>gravior</span> <span class='ocrx_word' id='word_1_164' title='bbox 415 3073 582 3139; x_wconf 88' lang='lat' dir='ltr'>difficultas</span> <span class='ocrx_word' id='word_1_165' title='bbox 603 3074 708 3138; x_wconf 91' lang='lat' dir='ltr'>oritur</span> <span class='ocrx_word' id='word_1_166' title='bbox 731 3076 771 3139; x_wconf 91' lang='lat' dir='ltr'>de</span> <span class='ocrx_word' id='word_1_167' title='bbox 798 3076 958 3140; x_wconf 86' lang='lat' dir='ltr'>contraria</span> <span class='ocrx_word' id='word_1_168' title='bbox 980 3077 1149 3165; x_wconf 86' lang='lat' dir='ltr'>utriusque</span> 
     </span>
     <span class='ocr_line' id='line_1_25' title="bbox 146 3190 1150 3282; baseline 0.006 -26"><span class='ocrx_word' id='word_1_169' title='bbox 146 3193 314 3278; x_wconf 84' lang='lat' dir='ltr'>sententia.</span> <span class='ocrx_word' id='word_1_170' title='bbox 360 3190 601 3276; x_wconf 79' lang='lat' dir='ltr'>simplicissimo</span> <span class='ocrx_word' id='word_1_171' title='bbox 627 3213 699 3256; x_wconf 91' lang='lat' dir='ltr'>eam</span> <span class='ocrx_word' id='word_1_172' title='bbox 716 3192 769 3256; x_wconf 92' lang='lat' dir='ltr'>ille</span> <span class='ocrx_word' id='word_1_173' title='bbox 785 3195 912 3259; x_wconf 88' lang='lat' dir='ltr'>sustulit</span> <span class='ocrx_word' id='word_1_174' title='bbox 931 3210 1150 3282; x_wconf 89' lang='lat' dir='ltr'>argumento,</span> 
     </span>
    </p>
   </div>
   <div class='ocr_carea' id='block_1_4' title="bbox 148 3310 1152 3753">
    <p class='ocr_par' dir='ltr' id='par_1_4' title="bbox 148 3310 1152 3753">
     <span class='ocr_line' id='line_1_26' title="bbox 148 3310 1151 3397; baseline 0.004 -21"><span class='ocrx_word' id='word_1_175' title='bbox 148 3324 311 3387; x_wconf 86' lang='lat' dir='ltr'>statuens,</span> <span class='ocrx_word' id='word_1_176' title='bbox 343 3314 413 3397; x_wconf 91' lang='lat' dir='ltr'>lege</span> <span class='ocrx_word' id='word_1_177' title='bbox 443 3331 500 3375; x_wconf 92' lang='lat' dir='ltr'>sua</span> <span class='ocrx_word' id='word_1_178' title='bbox 530 3310 690 3373; x_wconf 88' lang='lat' dir='ltr'>Thorium</span> <span class='ocrx_word' id='word_1_179' title='bbox 721 3314 930 3397; x_wconf 81' lang='lat' dir='ltr'>optimatum</span> <span class='ocrx_word' id='word_1_180' title='bbox 948 3334 1015 3376; x_wconf 91' lang='lat' dir='ltr'>non</span> <span class='ocrx_word' id='word_1_181' title='bbox 1043 3315 1151 3380; x_wconf 86' lang='lat' dir='ltr'>ntinus</span> 
     </span>
     <span class='ocr_line' id='line_1_27' title="bbox 151 3429 1150 3517; baseline 0.004 -23"><span class='ocrx_word' id='word_1_182' title='bbox 151 3452 254 3515; x_wconf 92' lang='lat' dir='ltr'>quam</span> <span class='ocrx_word' id='word_1_183' title='bbox 272 3430 386 3517; x_wconf 82' lang='lat' dir='ltr'>plebis</span> <span class='ocrx_word' id='word_1_184' title='bbox 408 3450 518 3495; x_wconf 90' lang='lat' dir='ltr'>causae</span> <span class='ocrx_word' id='word_1_185' title='bbox 554 3431 661 3493; x_wconf 85' lang='lat' dir='ltr'>favere</span> <span class='ocrx_word' id='word_1_186' title='bbox 679 3429 863 3513; x_wconf 89' lang='lat' dir='ltr'>cupientem</span> <span class='ocrx_word' id='word_1_187' title='bbox 886 3431 1087 3514; x_wconf 86' lang='lat' dir='ltr'>prohibuisse</span> <span class='ocrx_word' id='word_1_188' title='bbox 1111 3456 1150 3498; x_wconf 90' lang='lat' dir='ltr'>ne</span> 
     </span>
     <span class='ocr_line' id='line_1_28' title="bbox 150 3548 1152 3636; baseline 0.006 -26"><span class='ocrx_word' id='word_1_189' title='bbox 150 3548 283 3615; x_wconf 87' lang='lat' dir='ltr'>illorum</span> <span class='ocrx_word' id='word_1_190' title='bbox 303 3550 475 3634; x_wconf 89' lang='lat' dir='ltr'>quisquam</span> <span class='ocrx_word' id='word_1_191' title='bbox 496 3550 567 3632; x_wconf 93' lang='lat' dir='ltr'>plus</span> <span class='ocrx_word' id='word_1_192' title='bbox 580 3569 681 3636; x_wconf 88' lang='lat' dir='ltr'>quam</span> <span class='ocrx_word' id='word_1_193' title='bbox 703 3550 880 3636; x_wconf 89' lang='lat' dir='ltr'>quingenta</span> <span class='ocrx_word' id='word_1_194' title='bbox 890 3552 1007 3636; x_wconf 87' lang='lat' dir='ltr'>jugera</span> <span class='ocrx_word' id='word_1_195' title='bbox 1030 3552 1152 3636; x_wconf 88' lang='lat' dir='ltr'>publici</span> 
     </span>
     <span class='ocr_line' id='line_1_29' title="bbox 153 3666 1151 3753; baseline 0.004 -24"><span class='ocrx_word' id='word_1_196' title='bbox 153 3666 221 3753; x_wconf 88' lang='lat' dir='ltr'>agri</span> <span class='ocrx_word' id='word_1_197' title='bbox 235 3666 393 3744; x_wconf 88' lang='lat' dir='ltr'>haberet,</span> <span class='ocrx_word' id='word_1_198' title='bbox 412 3689 495 3753; x_wconf 90' lang='lat' dir='ltr'>quae</span> <span class='ocrx_word' id='word_1_199' title='bbox 514 3679 625 3732; x_wconf 88' lang='lat' dir='ltr'>tamen</span> <span class='ocrx_word' id='word_1_200' title='bbox 646 3666 713 3751; x_wconf 91' lang='lat' dir='ltr'>ipsa</span> <span class='ocrx_word' id='word_1_201' title='bbox 733 3667 859 3750; x_wconf 88' lang='lat' dir='ltr'>privata</span> <span class='ocrx_word' id='word_1_202' title='bbox 882 3670 965 3733; x_wconf 88' lang='lat' dir='ltr'>facta</span> <span class='ocrx_word' id='word_1_203' title='bbox 987 3670 1021 3733; x_wconf 93' lang='lat' dir='ltr'>in</span> <span class='ocrx_word' id='word_1_204' title='bbox 1045 3671 1151 3735; x_wconf 90' lang='lat' dir='ltr'>domi-</span> 
     </span>
    </p>
   </div>
   <div class='ocr_carea' id='block_1_5' title="bbox 72 3981 711 4148">
    <p class='ocr_par' dir='ltr' id='par_1_5' title="bbox 72 3981 711 4148">
     <span class='ocr_line' id='line_1_30' title="bbox 72 3981 711 4052; baseline -0.005 -13"><span class='ocrx_word' id='word_1_205' title='bbox 72 4038 76 4045; x_wconf 80' lang='lat'><em>,</em></span> <span class='ocrx_word' id='word_1_206' title='bbox 187 4002 199 4039; x_wconf 87' lang='lat'>1</span> <span class='ocrx_word' id='word_1_207' title='bbox 237 3987 279 4035; x_wconf 86' lang='lat' dir='ltr'>De</span> <span class='ocrx_word' id='word_1_208' title='bbox 295 3984 354 4052; x_wconf 84' lang='lat' dir='ltr'>lege</span> <span class='ocrx_word' id='word_1_209' title='bbox 375 3983 489 4036; x_wconf 76' lang='lat' dir='ltr'>Thoria.</span> <span class='ocrx_word' id='word_1_210' title='bbox 508 3981 613 4036; x_wconf 80' lang='lat' dir='ltr'>Vimar·</span> <span class='ocrx_word' id='word_1_211' title='bbox 634 3985 711 4038; x_wconf 76' lang='lat'><strong>1841.</strong></span> 
     </span>
     <span class='ocr_line' id='line_1_31' title="bbox 185 4097 324 4148; baseline 0 -14"><span class='ocrx_word' id='word_1_212' title='bbox 185 4101 201 4134; x_wconf 74' lang='grc' dir='ltr'>α</span> <span class='ocrx_word' id='word_1_213' title='bbox 235 4100 263 4148; x_wconf 90' lang='lat' dir='ltr'>p.</span> <span class='ocrx_word' id='word_1_214' title='bbox 283 4097 324 4134; x_wconf 81' lang='lat' dir='ltr'>ro.</span> 
     </span>
    </p>
   </div>
   <div class='ocr_carea' id='block_1_6' title="bbox 0 0 1318 4756">
    <p class='ocr_par' dir='ltr' id='par_1_6' title="bbox 0 0 1318 4756">
     <span class='ocr_line' id='line_1_32' title="bbox 0 0 1318 4756; baseline 0 0"><span class='ocrx_word' id='word_1_215' title='bbox 0 0 1318 4756; x_wconf 95' lang='lat' dir='ltr'> </span> 
     </span>
    </p>
   </div>
  </div>
 </body>
</html>
