2580 4756
635 383 677 445 20

162 557 246 653 Num
274 562 354 622 alter
383 558 484 622 vitam
508 559 628 623 dicitur
648 559 768 646 degisse
784 560 818 622 in
838 559 988 644 judiciis,
1014 561 1048 625 in
1072 564 1174 652 altero

161 698 258 741 usum
276 680 436 742 forensem
466 677 650 756 desiderari,
682 677 797 743 Cicero
822 679 908 744 testis
930 693 987 745 est.
1015 680 1173 773 Versatur

159 809 269 860 autem
298 794 413 861 Cicero
449 817 486 860 co
509 797 578 879 ipso
605 799 678 861 loeo
707 796 741 860 in
766 796 928 862 censendis
953 798 1171 864 mediocribus

160 914 367 990 oratoribus,
406 917 515 998 quales
560 917 713 978 feruntur
749 915 845 978 fuisse
882 913 943 979 Cn.
981 900 1169 992 Domitius,

158 1030 196 1097 C.
221 1030 366 1108 Coelius,
389 1031 434 1097 Μ.
459 1031 663 1109 Herennius,
694 1032 732 1099 C.
759 1031 888 1098 Clodius
910 1033 1060 1100 Pulcher.
1086 1031 1170 1118 Qui·

156 1147 218 1214 bus
251 1162 283 1214 et
304 1150 527 1216 mediocritate
551 1150 704 1215 orationis
735 1162 768 1214 et
791 1151 902 1232 aetatis
925 1151 1053 1215 ratione
1075 1173 1170 1216 oom-

156 1269 254 1331 mode
287 1244 424 1354 adjungi
442 1265 480 1333 C.
508 1265 612 1331 Titius
633 1267 763 1351 potuit,
788 1289 848 1332 nec
866 1269 1018 1333 contendi
1042 1291 1167 1334 necesse

154 1399 223 1461 est,
254 1406 338 1470 quae
354 1385 434 1450 vitia
459 1385 577 1469 carpsit
597 1385 630 1448 in
653 1406 692 1449 eo
713 1385 775 1450 Dio
795 1383 942 1464 Cassius,
966 1389 1082 1453 eadem
1105 1385 1164 1453 Ci-

154 1479 308 1567 ceronem
340 1516 547 1586 persecutum
579 1524 654 1570 esse.
699 1503 816 1590 Itaque
848 1517 978 1587 praeter
1007 1508 1166 1591 eloquen-

154 1619 216 1682 tiae
240 1620 500 1684 mediocritatem
521 1633 662 1684 aetatem
686 1641 818 1705 quoque
839 1622 936 1704 hujus
959 1612 1047 1685 Titii
1065 1622 1102 1686 in
1113 1625 1165 1687 lo·

149 1758 228 1800 cum
255 1734 420 1802 Ciceronis
442 1739 625 1821 quadrare,
648 1751 800 1820 apcrtum
821 1749 878 1802 est.
924 1735 1163 1826 Nemeorum,

148 1852 207 1936 qui
229 1867 494 1937 praecesserunt,
513 1857 703 1938 ⁴consulatus
737 1830 772 1918 in
800 1857 859 1919 hos
891 1876 991 1920 annos
1021 1856 1163 1922 incidere

149 1971 333 2036 observavit
345 1971 527 2047 Ellendt,
540 1971 676 2035 Domitii
692 1973 727 2035 in
738 1993 863 2036 annum
878 1973 944 2038 658
958 1968 1043 2062 (96),
1057 1971 1159 2039 Coelii
1186 2051 1190 2058 Ι

146 2088 182 2151 tn
207 2060 271 2151 sss
287 2087 372 2176 (ss),
396 2085 603 2152 nerestein
625 2088 687 2152 aar
705 2085 789 2175 (aa),
815 2085 920 2154 cisat
940 2090 975 2154 tn
993 2073 1159 2185 stepen).

143 2203 261 2288 Quum
274 2205 376 2292 igitur
384 2226 470 2268 anno
483 2205 547 2270 665
564 2203 634 2294 (89)
647 2205 775 2269 turbae
792 2206 880 2271 Titio
892 2207 1031 2274 excitata
1041 2212 1161 2276 adauri-

47 2326 51 2336 '
147 2323 257 2400 batur,
272 2325 361 2388 haud
372 2323 522 2400 dubium,
537 2324 618 2409 quin
630 2345 706 2388 eum
718 2325 897 2412 significare
909 2326 1050 2392 voluerit
1064 2325 1159 2393 Cice-

142 2458 191 2507 ro.
216 2441 266 2507 Ae
288 2463 329 2504 ns
351 2441 423 2525 quis
444 2453 538 2525 putet
560 2443 685 2526 majore
705 2464 724 2507 a
744 2443 964 2526 superioribus
982 2444 1156 2512 intervallo

142 2559 285 2643 separari
319 2557 445 2624 Titium
478 2559 580 2625 videri
615 2582 705 2645 posse
740 2561 1008 2646 quandoquidem
1029 2564 1158 2629 dicatur

143 2678 294 2766 quedem
304 2676 336 2766 f
339 2700 413 2742 ers
437 2680 604 2766 temporis
619 2677 750 2765 fuisse.
796 2677 896 2744 Vetat
911 2681 999 2744 enim
1023 2677 1158 2747 Cicero·

142 2798 191 2860 nis
214 2817 308 2866 mos,
334 2795 391 2879 qui
413 2796 448 2858 in
468 2797 531 2859 hoc
546 2795 647 2872 libr0,
669 2794 726 2859 uhi
750 2795 990 2878 provectiorem
1016 2810 1156 2864 aetatem

144 2913 280 2998 intelligi
320 2912 426 2976 verbis
459 2912 524 2976 istis
550 2915 640 2988 vult,
678 2912 794 2977 diserte
823 2913 923 2979 addit.
970 2914 1023 2980 Ita
1055 2937 1085 2983 c.
1111 2918 1154 2982 25

144 3028 356 3116 temporibus
384 3028 510 3093 iisdem
538 3028 657 3116 sere,
687 3007 747 3094 sed
769 3026 912 3119 longius
935 3043 1048 3099 astute
1067 3049 1178 3121 prod·

141 3161 277 3227 vectum
315 3169 418 3234 quare
450 3145 505 3212 hic
528 3151 614 3213 nude
633 3151 776 3232 positum
789 3149 868 3237 fere
892 3172 1072 3235 supparem
1098 3175 1155 3219 ae·

140 3279 243 3332 tatem
261 3267 412 3331 ostendit.

185 3385 302 3468 Itaque
339 3407 445 3469 quum
481 3387 561 3451 haec
592 3386 665 3451 satis
703 3389 889 3463 declarent,
917 3387 1153 3471 perturbatum

140 3501 302 3568 Ciceronis
338 3506 449 3584 locum
483 3504 517 3566 in
539 3503 665 3590 ‘Bruto
688 3527 773 3579 esse,
807 3508 898 3569 nulla
926 3505 994 3595 ‚alia
1022 3506 1153 3573 videtur

138 3620 222 3683 ratio
254 3641 334 3696 esse,
372 3642 437 3704 qua
460 3623 530 3706 ejus
561 3595 754 3687 sententiam
777 3608 995 3699 vindicemus,
1021 3637 1152 3707 praeter

137 3738 239 3813 hane,
274 3750 311 3801 ut
339 3737 452 3803 vel‘C.
472 3735 622 3815 Titium,
644 3741 735 3823 cnjus
756 3739 855 3805 etiam
878 3762 967 3805 nunc
990 3740 1026 3803 in
1047 3739 1152 3830 Bruto

137 3855 298 3919 memoria
318 3869 440 3933 exstat,
464 3860 566 3922 eloco
587 3859 731 3942 quodam
750 3858 916 3940 superiore
934 3858 968 3921 in
986 3859 1151 3941 posterio-

135 3994 208 4038 rem
232 3972 391 4064 migrassa
404 3995 563 4057 eumque,
587 3974 644 4058 qui
667 3974 774 4038 abesse
791 3995 858 4037 non
879 3987 1007 4057 potest,
1031 3988 1150 4040 extur-

134 4090 223 4155 basse
252 4077 478 4174 suspicemur,
520 4095 583 4169 vel,
615 4094 703 4175 quod
729 4092 835 4174 potius
869 4091 951 4155 milri
988 4074 1146 4168 videtur,
