2580 4756
401 1097 561 1172 SCIPIO
595 1097 655 1166 ET
690 1096 913 1165 MELIUS.

200 1771 381 1879 ingratum
413 1815 488 1856 sane
523 1791 615 1854 nobis
646 1793 870 1873 spectaculum
907 1810 986 1854 oum
1023 1789 1139 1862 aetatis,

144 1933 210 1994 qua
234 1910 377 1974 Lucilius
395 1910 527 1985 floruit,
551 1908 774 1983 adumbratio,
799 1921 872 1971 tum
882 1920 1140 1992 argumentorum

144 2028 311 2110 expositio,
335 2028 498 2112 inquibus
520 2040 661 2091 versatus
682 2039 744 2101 est,
758 2039 831 2089 tum
844 2021 921 2089 vero
930 2044 1143 2106 personarum,

144 2166 223 2226 quas
245 2145 417 2209 insectatus
438 2159 505 2218 est,
530 2143 703 2226 descriptio
723 2141 884 2223 praebuit.
932 2139 1026 2225 Quae
1047 2140 1143 2225 siquis

144 2273 262 2323 cuncta
278 2261 380 2323 menti
402 2273 565 2342 proponat
589 2282 626 2323 ac
647 2260 841 2336 meditetur,
866 2261 1009 2324 fateatur
1033 2279 1143 2324 necesse

143 2391 209 2453 est,
246 2377 369 2464 magna
398 2379 469 2460 jam
504 2396 542 2440 eo
577 2377 645 2470 ipso
681 2391 831 2462 tempore
849 2380 1059 2462 corruptelae
1078 2376 1142 2447 labe

142 2495 332 2560 laboravisse
361 2493 544 2571 civitatem,
575 2493 609 2557 in
633 2517 698 2580 qua
721 2496 882 2579 principes
899 2495 1045 2578 turpiter
1064 2495 1145 2560 vire·

141 2627 216 2678 rent
238 2613 363 2699 ipsique
388 2611 474 2677 vitiis
497 2612 634 2699 insignes
648 2618 810 2696 populum
832 2614 994 2696 pravitate
1013 2611 1149 2696 exempli

142 2754 161 2795 a
184 2731 305 2796 virtute
330 2743 514 2795 avocarent.
551 2729 769 2797 Nihilominus
799 2734 869 2794 fore
888 2731 1055 2809 arbitror,
1075 2727 1146 2815 qui·

141 2850 201 2912 bus
225 2871 272 2923 ea,
297 2870 380 2932 quae
403 2853 442 2913 de
463 2870 598 2914 morum
621 2862 706 2914 statu
727 2871 825 2932 supra
837 2848 1028 2936 attigimus,
1052 2869 1144 2934 prop-

140 2979 228 3031 terea
261 2965 472 3047 displiceant,
508 2967 607 3050 quia,
640 2989 723 3051 quae
757 2968 835 3032 vitia
864 2968 943 3032 oriri
973 2992 1022 3053 ac¹
1036 2967 1142 3033 sensim

140 3087 319 3147 adolescere
342 3084 376 3146 in
404 3085 571 3165 republica
594 3067 788 3169 coeperint,
811 3086 1020 3170 potissimum
1045 3100 1144 3151 atten-

138 3204 268 3276 dentes,
300 3221 383 3285 quae
411 3215 611 3282 superessent
646 3205 781 3268 virtutes
809 3205 933 3290 quique
968 3204 1139 3270 virtutibus

138 3323 333 3386 excellerent
356 3318 436 3394 viri,
460 3321 581 3384 referre
602 3321 852 3408 neglexerimus.
898 3321 1030 3407 Quibus
1048 3322 1075 3388 si
1092 3344 1142 3386 ac-

138 3439 267 3517 ciderit,
293 3452 331 3503 ut
350 3439 404 3503 illa
417 3435 579 3504 Ciceronis
600 3443 784 3506 attendant:
808 3443 913 3506 mitto
927 3442 963 3506 C.
976 3441 1142 3514 Laelium,

139 3557 184 3622 P.
208 3555 424 3644 Scipionem:
459 3561 590 3623 aetatis
612 3559 720 3625 ttttee
743 3563 816 3625 ieta
831 3558 915 3647 fuit
942 3560 1045 3638 laus,
1069 3572 1142 3625 toa«-

138 3698 245 3764 quom
267 3680 551 3754 innocentiae,
576 3682 628 3744 eie
652 3679 780 3744 Latine
804 3678 967 3768 loquendi
978 3678 1007 3757 ¹,
1043 3697 1146 3743 nonne·

138 3796 375 3859 declamaturos
404 3795 577 3861 verisimile
601 3798 704 3862 estin
729 3807 875 3883 nostram
892 3799 1009 3883 judicii
1033 3769 1141 3883 iniuri-

172 4123 184 4160 ι
221 4111 304 4159 Brut.
323 4105 367 4177 74,
390 4107 448 4162 258,
