2580 4756
610 416 672 480 199

133 609 186 658 tus
213 593 320 656 fuerit.
346 592 494 655 Fuerunt
515 593 549 654 in
573 589 699 655 Horatii
713 590 965 674 interpretibus,
990 593 1045 675 qui
1058 592 1147 655 hunc

132 714 245 775 locum
264 712 302 773 de
322 709 482 791 personis,
507 730 585 792 quas
602 708 638 771 in
650 709 754 772 satiris
766 708 934 791 exposuit,
957 709 1146 794 singulatim

135 828 345 910 explicarent.
392 825 480 890 Num
499 847 614 911 parem
642 825 767 889 Lucilio
791 825 983 890 industriam
1009 826 1061 889 alii
1087 828 1148 889 ad-

133 944 325 1021 hibuerint,
350 944 528 1008 obscurum
552 956 609 1007 est.
655 941 769 1026 Quum
792 963 870 1006 vero
895 955 1034 1026 uterque
1050 947 1149 1025 poeta

133 1065 175 1128 de
188 1063 302 1126 iisdem
325 1082 565 1145 nonnunquam
583 1059 771 1124 hominibus
788 1061 990 1124 mentionem
1012 1058 1147 1137 fecerit,

133 1179 289 1264 contigit,
309 1192 345 1243 ut
364 1178 487 1262 aliquid
508 1192 595 1242 certe
612 1176 744 1242 subsidii
768 1198 808 1241 ex
826 1176 862 1240 iis
885 1177 1146 1252 commentariis,

136 1298 194 1380 qui
227 1297 405 1361 Horatiana
429 1297 575 1360 carmina
603 1308 771 1379 spectant,
807 1296 872 1378 peti
908 1295 1025 1378 possit,
1061 1295 1146 1358 unde

116 1419 123 1427 ”
137 1414 282 1480 Lucilius
306 1416 497 1478 illustretur.

180 1531 283 1596 Triste
316 1532 416 1618 igitur
453 1532 610 1596 continuo
644 1531 817 1596 exordium
851 1533 1037 1595 faciendum
1062 1543 1147 1596 esta

134 1649 241 1732 Lupo.
288 1648 385 1713 Hune
402 1670 442 1712 ex
467 1669 507 1712 eo
527 1650 701 1713 hominum
724 1669 843 1734 genere
865 1650 959 1713 fuisse
981 1649 1162 1724 videmus,

133 1768 191 1850 qui
210 1769 390 1831 introrsum
403 1778 513 1850 turpes
531 1768 700 1830 honestam
714 1788 752 1829 ac
764 1766 903 1829 nitidam
914 1766 1055 1848 speciem
1067 1787 1145 1849 prae

132 1905 166 1946 se
188 1883 357 1959 ferebant,
376 1881 479 1967 eaque
505 1883 612 1947 fallaci
635 1885 718 1965 pelle
742 1881 821 1946 tecti
841 1885 1006 1946 credulam
1030 1883 1146 1946 multi-

133 2003 283 2065 tudinem
300 1999 416 2063 misere
441 1998 655 2082 decipiebant.
702 1999 860 2065 Videatur
880 2002 1149 2065 commentitium

131 2123 202 2202 ejus
224 2141 345 2182 nomen
366 2141 445 2196 esse,
467 2120 590 2204 quippe
603 2140 671 2205 quo
690 2119 812 2184 indoles
834 2120 893 2184 viri
915 2122 1011 2183 nimis
1036 2122 1147 2184 mani-

135 2240 215 2300 feste
242 2238 409 2318 prodatur.
457 2235 520 2301 Sed
547 2257 653 2321 quum
673 2237 829 2301 Romanis
847 2259 866 2301 a
886 2236 993 2302 bestiis
1018 2259 1143 2325 cogno·

133 2352 224 2415 mina
246 2356 364 2417 ducere
384 2356 564 2436 placuerit,
588 2355 670 2419 nihil
686 2356 823 2433 mirum,
848 2356 946 2420 etiarn
969 2356 1152 2438 Luporum.

134 2471 292 2534 familiam
327 2471 494 2552 celebrari.
540 2471 751 2555 Disputatum
772 2494 851 2539 vero
870 2485 939 2546 est,
963 2476 1058 2554 quale
1074 2476 1142 2554 ple·

133 2609 217 2651 num
247 2591 314 2671 ejus
332 2602 456 2652 nomen
479 2589 595 2665 fuerit,
623 2590 680 2673 qui
701 2589 757 2652 hic
779 2601 993 2656 memoretur.
1039 2588 1141 2654 Vetus

132 2703 292 2788 interpres
315 2703 575 2770 mutilium
598 2706 754 2788 Lupum
778 2706 873 2769 fuisse
894 2705 1013 2768 diserte
1024 2705 1138 2781 tradit,

132 2827 225 2908 cujus
257 2825 292 2887 in
326 2827 496 2889 consulatu
528 2827 651 2910 collega
684 2824 747 2888 fuit
779 2823 818 2888 L.
848 2823 950 2888 Julius
967 2823 1082 2889 Caesar
1111 2848 1147 2890 aa.

131 2944 198 3006 664
225 2937 334 3028 (90)¹.
359 2940 479 3004 Parum
507 2940 638 3006 veroid
661 2941 815 3006 credibile
839 2943 943 3006 visum
967 2957 1014 3007 est
1037 2964 1142 3028 prop-

106 3034 107 3037 *
134 3073 222 3130 terea
254 3060 343 3142 quod
371 3061 457 3141 apud
489 3059 674 3137 Lucilium,
711 3061 767 3145 qui
802 3063 927 3125 dudum
952 3077 1026 3127 ante
1049 3063 1144 3128 illum

131 3197 258 3240 annum
293 3175 441 3251 obiisset,
478 3189 602 3241 exstare
633 3199 702 3241 non
724 3179 841 3261 potuit.
889 3178 999 3264 Quare
1024 3184 1152 3264 placuit⁴

133 3294 169 3356 in
202 3292 242 3357 L.
278 3290 512 3357 Cornelium
544 3295 769 3360 Lentulum·
793 3298 949 3380 Lupum
981 3300 1144 3376 incidere,

132 3411 192 3495 qui
226 3432 287 3477 eos.
313 3410 376 3474 init
399 3432 476 3475 cum
501 3410 540 3478 C.
564 3410 689 3484 Marcio
710 3414 828 3500 Figulo
850 3437 879 3480 a.
903 3417 969 3479 598
994 3415 1086 3503 (156)
1112 3430 1146 3483 et

132 3527 284 3594 Ciceroni
310 3550 378 3592 non
406 3530 576 3596 indisertus
602 3545 712 3597 orator
739 3528 869 3596 habitus
878 3531 904 3596 2.
951 3529 1037 3596 Nihil
1067 3557 1157 3600 vcro-2

131 3647 242 3713 obesse
276 3661 449 3730 putamus,
483 3649 662 3736 quominus
685 3663 829 3715 veterem
852 3650 1063 3735 interpretem
1091 3678 1144 3720 se·

170 3951 182 3986 ι
218 3937 356 4019 comm.
376 3938 459 4005 Gruq.
477 3939 516 3988 ad
530 3941 562 3988 H
570 3954 620 3989 or.
642 3916 702 3989 Sat:
723 3938 764 3999 Il,
780 3904 925 4002 ulid-Cf.
947 3945 1055 3996 P'aers·
1079 3947 1142 4000 Sars·

133 4034 160 4112 1,
183 4030 241 4085 11⁵.
1060 4100 1063 4105 ,

169 4147 185 4180 2
226 4131 409 4180 Torreat.
439 4131 567 4180 adHor.
582 4129 603 4180 l.
622 4130 641 4180 1.
663 4131 737 4181 uie.
757 4135 838 4182 Brut.
860 4151 903 4195 20,
921 4150 965 4201 79.
