2580 4756
549 339 612 405 189

74 514 211 586 cinnes,
236 512 355 595 quibus
383 512 462 576 socii
488 515 680 590 utebantur,
706 518 863 596 praesenti
891 532 1090 603 cognoscere.

72 644 105 693 et
128 629 288 711 inspicere
310 630 338 692 ei
358 630 460 694 licuit.
484 631 696 696 Essecratunr
715 646 826 696 autern
847 637 1013 698 scelestam
1026 654 1082 697 ou·

76 748 272 829 piditatern,
306 769 389 831 quae
414 749 494 812 furii
520 763 577 812 aut
593 752 759 831 peculatus
779 751 944 815 simillima
960 764 1030 815 erat
1050 764 1082 813 et

70 865 184 927 haberi
217 865 373 939 debebat,
406 866 578 929 verisimile
608 880 675 942 est,
706 886 783 929 eum
815 889 883 931 non
902 871 1001 931 modo
1027 869 1082 950 ip·

69 1002 148 1046 sum·
178 983 484 1047 abstinentissimum
513 984 626 1058 fuisse,
661 986 828 1048 sedetiam
851 986 950 1050 socios
975 986 1082 1049 conti-

69 1102 174 1164 nuisse
201 1122 219 1164 a
255 1102 380 1164 nefario
409 1115 555 1185 quaestu.
603 1086 730 1186 Quibus
751 1124 824 1165 eam
848 1103 976 1167 virtutis
999 1125 1083 1168 oon-

68 1217 222 1280 stantiam
248 1217 368 1282 insidiis
390 1218 633 1301 inimicitiisque
656 1218 730 1281 socii
751 1217 915 1299 publicani
932 1219 1080 1283 labefac-

68 1352 138 1399 tare
165 1328 369 1408 st'uduerint,
404 1337 511 1420 qualia
540 1336 646 1398 moliti
669 1336 755 1410 sint,
787 1350 823 1399 ut
856 1336 916 1399 sibi
943 1338 1079 1419 impune

67 1476 183 1533 rapere
207 1477 244 1518 ac
266 1457 349 1517 serre
370 1455 498 1528 liceret,
523 1453 726 1538 intelligitur,
746 1476 852 1538 neque
876 1455 964 1518 aliud
987 1455 1081 1518 ride·

67 1586 123 1633 tur
151 1571 218 1653 ,ipse
240 1572 380 1634 indicare
404 1573 561 1646 voluisse,
593 1571 651 1634 ubi
677 1574 840 1655 quendam
864 1575 944 1635 haec
964 1573 1079 1636 dicen-

69 1699 134 1750 tem
156 1688 300 1751 inducit:
339 1689 560 1754 «Publicanus
582 1705 620 1752 ut
645 1690 738 1752 Asiae
754 1691 833 1752 fiam
851 1689 1078 1770 scripturarius

66 1827 127 1888 pro
158 1806 300 1883 Lucilio,
334 1805 367 1870 id
396 1827 458 1890 ego
482 1808 559 1869 nolo
580 1821 612 1870 et
631 1820 697 1868 uno
715 1808 778 1868 hoe
799 1826 865 1867 non
884 1819 978 1868 muto
1001 1825 1078 1867 onn-

65 1923 188 1986 nia1.»
214 1923 353 1986 Eosdem
378 1922 497 2008 igitur,
523 1943 603 2006 quos
627 1926 777 2004 exemplo
800 1937 832 1986 et
853 1923 1003 1986 libertate
1026 1921 1076 1985 di-

64 2042 158 2104 cendi
190 2060 341 2104 revocare
375 2018 569 2116 studuisset,
610 2039 690 2122 quin
718 2041 846 2103 satirico
888 2042 961 2102 felle
998 2060 1078 2122 per·

62 2157 233 2222 strinxerit
253 2158 287 2219 in
315 2177 411 2239 opere
431 2179 506 2233 suo,
532 2157 671 2220 dubium
692 2170 835 2222 nonest.
883 2157 945 2222 Sed
969 2179 1074 2241 quum

63 2275 145 2357 ipsi,
173 2275 229 2357 qui
253 2273 430 2356 provincias
451 2274 555 2338 sortiti
578 2274 735 2349 obibant,
758 2276 904 2358 quaestui
927 2275 1076 2338 faciendo

63 2414 199 2474 operam
220 2395 346 2469 darent,
368 2405 443 2456 turn
462 2393 560 2456 moris
578 2393 615 2457 iis
633 2407 703 2456 erat
725 2397 841 2457 eodem
853 2416 964 2457 secum
987 2394 1075 2456 anri·

63 2530 115 2574 cos
147 2532 185 2574 ex
208 2510 299 2576 Urbe
320 2512 495 2584 adducere,
526 2509 645 2592 quibus
665 2523 704 2571 ut
728 2509 810 2572 bene
835 2509 1011 2590 cupiebant
1028 2509 1075 2571 ita

62 2628 311 2711 provincialium
330 2626 493 2690 sumtibus
516 2626 599 2688 bene
616 2624 778 2688 l'aciebant
795 2639 827 2689 et
849 2624 1074 2688 contuberna-

61 2749 104 2810 les
125 2768 162 2810 ac
181 2745 370 2808 domesticos
396 2742 594 2808 convictores
612 2741 787 2805 habebant.
834 2739 930 2805 Hunc
946 2728 1073 2804 amico-³

60 2887 136 2928 rum
171 2865 364 2929 comitatum
384 2863 565 2947 praetoris
600 2882 624 2923 s.
643 2861 866 2944 praetoriam
892 2859 1071 2924 sobonem

60 3004 196 3066 eosque,
218 2981 275 3064 qui
297 3001 375 3044 cum
397 2978 596 3062 praesidibus
616 2980 657 3041 ad
677 2976 831 3041 salarium
849 2977 959 3053 ibant,
978 3000 1073 3040 mer·

59 3098 131 3164 cede
164 3103 323 3163 inventas
353 3097 503 3185 legiones
528 3095 713 3178 appellabat
744 3093 886 3157 Lucilius
899 3093 926 3160 2.
974 3093 1070 3158 Haud

58 3219 156 3281 dubie
166 3220 294 3281 eosdem
307 3215 492 3280 volucribus
509 3214 679 3296 rapacibus
699 3226 731 3276 et
751 3212 959 3277 veracissimis
974 3235 1070 3276 rom-

59 3359 174 3419 parans
199 3337 365 3424 agrarios
387 3355 522 3422 mergos
551 3347 583 3396 et
608 3332 783 3395 vulturios
815 3328 896 3392 dixit
909 3330 935 3395 3.
975 3328 1066 3413 Quae

91 3605 104 3641 1
143 3589 187 3639 Cl.
206 3604 266 3653 sup.
284 3607 312 3654 p.
330 3587 375 3657 57.

90 3703 106 3737 2
129 3689 194 3764 *Fa
211 3689 265 3737 inc.
284 3685 311 3748 5,
331 3687 374 3745 65,
401 3684 502 3736 Mansit
519 3698 635 3742 nornen,
655 3682 783 3731 monente
800 3681 922 3730 Dousa
941 3681 980 3730 od
1000 3687 1064 3732 Luc.

55 3800 83 3848 p.
105 3783 163 3835 rod.
184 3781 229 3832 Cf.
248 3799 308 3836 112.
395 3808 398 3813 ·

88 3880 105 3927 3
140 3880 160 3928 J
167 3880 211 3930 ul·
224 3881 292 3948 Gap
301 3879 351 3930 ito
360 3878 380 3933 l.
392 3881 443 3929 vit.
454 3879 562 3928 Fertis.
575 3892 624 3944 c.9
637 3872 720 3933 hunc,
734 3871 869 3936 privatum
880 3869 979 3931 adbuc,
990 3871 1064 3938 quia,

52 3974 195 4042 oppressis
206 3975 317 4029 foenore
328 3977 384 4043 agri
396 3974 615 4042 possessoribus,
631 3971 711 4019 latius
723 3984 786 4018 suos
806 3968 873 4017 lines
890 3975 1062 4035 prorogaret,

54 4089 84 4121 en
104 4089 185 4124 versu
200 4071 342 4124 Luciliano
361 4079 475 4138 propter
493 4069 620 4123 avaritiae
639 4065 819 4132 suspicionem
833 4065 978 4130 agrarium
990 4082 1063 4113 mer-
