2580 4756
616 314 679 375 atr.

134 499 323 571 prosecutos
353 487 467 560 fnisse,
504 506 609 569 quum
632 491 725 550 nulla
736 489 829 551 officii
853 488 938 553 ratio
957 493 1013 553 sed
1032 511 1151 553 rerum.

134 609 361 670 humanarum
389 608 469 667 cura
491 623 543 666 eos
560 604 652 687 sequi
671 605 831 688 jussisset,
855 617 911 683 ut,
929 606 1001 690 quis
1021 608 1147 692 jurgio-

134 742 214 786 rum
240 721 398 796 istorum,
421 721 457 783 in
475 741 558 804 quae
579 734 762 804 pertractus
775 735 855 785 esset
873 719 1000 806 Scipio,
1014 739 1148 787 eternus

137 843 242 915 foret,
267 838 497 924 intelligerent.

181 956 314 1022 Praeter
338 953 436 1020 Aselli
455 956 490 1019 in
502 955 707 1041 Scipionem,
721 959 811 1041 quod
822 976 922 1038 supra
940 956 1109 1043 attigimus
1120 956 1156 1032 ¹‚.

109 1132 110 1135 ,
138 1073 342 1148 convicium,
354 1086 499 1156 superest
511 1072 567 1138 hio
576 1074 674 1157 ipsius
686 1073 844 1157 Scipionis
854 1076 959 1158 jocus,
972 1097 1073 1159 quem
1085 1097 1149 1139 ser-

140 1191 228 1257 vavit
249 1189 375 1256 Cicero.
400 1189 617 1277 «Ambigua,
642 1191 772 1277 inquit,
792 1204 869 1255 sunt
881 1193 915 1255 in
927 1194 1042 1275 primis
1055 1202 1151 1258 acuta

140 1324 240 1394 atque
263 1309 297 1373 in
316 1309 416 1373 verbo
437 1309 559 1391 posita,
582 1330 650 1373 non
672 1310 774 1374 inre:
806 1312 862 1374 sed
874 1330 941 1373 non
952 1332 1045 1392 saepe
1058 1333 1151 1395 mag-

141 1448 224 1491 num
235 1427 339 1491 risum
357 1439 511 1491 movent:
530 1427 633 1512 magis
645 1440 683 1491 ut
694 1427 778 1490 belle
792 1440 825 1491 et
837 1428 964 1492 literato
979 1429 1066 1491 dicta
1077 1431 1153 1491 lau-

141 1547 285 1622 dantur,
310 1557 348 1608 ut
369 1545 452 1608 illud
468 1543 636 1621 Africani,
671 1548 761 1629 quod
783 1558 830 1610 est
852 1548 941 1628 apud
964 1545 1150 1609 Lucilium:

188 1662 310 1749 Quid?
342 1662 472 1726 Decius
503 1660 709 1728 Nuculam!
740 1633 789 1726 ais
819 1663 990 1742 conlisum
1013 1666 1069 1726 cis
1083 1663 1149 1749 fc-

754 1809 762 1820 ¹
791 1784 889 1844 cors?
913 1780 1113 1866 inquiet.»-

143 1900 294 1962 Afflrmot
319 1895 484 1971 Ciceronis
503 1897 687 1979 interpres,
711 1898 807 1962 fuisse
831 1898 890 1981 qui
911 1898 1154 1963 Africaniillud

141 2018 317 2082 dicterium
330 2019 372 2080 ad
383 2017 637 2081 obscoenitatem
650 2017 956 2100 turpitudinemque
967 2020 1130 2082 referrent
1138 2040 1161 2095 ;.‚

139 2137 234 2219 ‘quod
256 2133 317 2197 sibi
341 2134 476 2216 quidem
499 2137 627 2217 placere
640 2147 749 2221 negat,
764 2135 841 2219 quia
855 2156 917 2200 nec
929 2134 1086 2200 obscoene
1098 2139 1170 2200 l.o·'

143 2260 302 2335 queretur
329 2249 460 2334 Scipio,
483 2273 545 2317 nec
567 2252 725 2317 obscoena
753 2253 839 2317 inter
862 2256 967 2319 faceta
982 2257 1154 2318 collocaret

144 2368 268 2433 Cicero,
316 2366 428 2433 Credit
461 2368 582 2456 igitur,
614 2370 734 2436 exortis
757 2372 933 2455 aliquando
963 2372 1039 2435 rixis
1061 2373 1148 2435 inter

143 2486 280 2550 Decium
303 2498 337 2550 et
360 2489 529 2568 quendam
547 2487 743 2571 cognomine
755 2486 932 2561 Nuculam,
952 2487 1049 2549 illum
1061 2490 1155 2548 mul-

144 2603 182 2667 tis
203 2602 309 2666 verbis
328 2614 361 2665 et
372 2599 495 2664 acerbis
506 2600 585 2664 huic
597 2600 740 2664 sslusisse.
762 2601 851 2664 Tum
863 2618 941 2663 vero
958 2597 1156 2663 Africanum

142 2719 274 2784 dixisse:
308 2745 325 2784 (ι
340 2717 442 2801 quid?
466 2715 583 2780 Decius
606 2714 770 2779 Nuculam
794 2713 994 2800 exagitati»
1020 2726 1053 2776 et
1074 2735 1167 2778 con-.

144 2858 274 2902 versum
304 2839 346 2899 ad
369 2835 507 2900 Decium
532 2834 747 2919 interrogasse
769 2845 806 2899 et
826 2833 991 2897 terruisse:
1012 2858 1030 2898 ιι
1044 2854 1086 2896 an
1103 2832 1152 2896 vis

141 2958 233 3018 hunc
257 2951 426 3016 hominem
446 2953 615 3016 confixum
638 2951 800 3017 loterel»
825 2949 880 3015 Sic
898 2971 995 3015 usum
1007 2973 1072 3014 esse
1084 2972 1167 3013 am-¹

142 3073 266 3159 biguo,
302 3069 378 3154 quia
409 3071 576 3134 confixum
608 3069 746 3134 facimus
767 3069 792 3136 i.
813 3092 842 3134 e.
865 3067 1063 3153 configimus
1085 3091 1157 3131 scr·

143 3211 258 3265 mooe,
275 3187 474 3273 configimus
494 3208 652 3251 mucrone
671 3200 729 3251 aut
754 3186 817 3251 alia
837 3207 873 3251 re
882 3185 910 3249 3.
944 3183 1044 3252 Varie
1068 3185 1156 3249 idem

142 3307 195 3371 alii
219 3306 425 3388 interpretati
443 3318 543 3381 sunt,
568 3305 625 3388 qui
651 3307 819 3369 confixum
842 3304 907 3368 cibi
927 3324 1028 3388 genus
1050 3325 1114 3366 esse
1136 3326 1153 3365 e

143 3424 274 3489 concisis
306 3423 457 3489 carnium
482 3422 629 3489 frustulis
653 3435 826 3506 putarunt.
870 3419 934 3486 Sed
957 3421 1047 3483 nulla
1076 3417 1160 3482 ratio

142 3543 244 3628 magis
265 3545 372 3625 placet
395 3540 433 3605 ei
454 3562 556 3626 quam
579 3539 792 3605 laudavimus.
838 3537 955 3603 Decius
973 3551 1007 3602 et
1030 3535 1172 3609 Nuculae,

143 3661 201 3747 qui
225 3661 370 3735 fuerint,
395 3660 567 3724 incertum·
582 3664 640 3723 est.

178 3843 196 3883 r
230 3844 259 3895 p·
286 3825 347 3881 223.

177 3938 197 3977 z
237 3918 677 3983 0,ι’σιάοο1αί.,11·,6ῑ,ιόὄ.

179 4020 196 4072 3
235 4019 460 4071 Strcbaeus
484 4017 522 4068 ad
545 4015 727 4084 t.1.p.541.
