<?xml version="1.0" encoding="UTF-8"?>
<!DOCTYPE html PUBLIC "-//W3C//DTD XHTML 1.0 Transitional//EN"
    "http://www.w3.org/TR/xhtml1/DTD/xhtml1-transitional.dtd">
<html xmlns="http://www.w3.org/1999/xhtml" xml:lang="en" lang="en">
 <head>
  <title>
</title>
<meta http-equiv="Content-Type" content="text/html;charset=utf-8" />
  <meta name='ocr-system' content='tesseract 3.04.00' />
  <meta name='ocr-capabilities' content='ocr_page ocr_carea ocr_par ocr_line ocrx_word'/>
</head>
<body>
  <div class='ocr_page' id='page_1' title='image "./studiacriticain00heusgoog_0021.png"; bbox 0 0 2580 4756; ppageno 0'>
   <div class='ocr_carea' id='block_1_1' title="bbox 671 401 714 465">
    <p class='ocr_par' dir='ltr' id='par_1_1' title="bbox 671 401 714 465">
     <span class='ocr_line' id='line_1_1' title="bbox 671 401 714 465; baseline -0.023 0"><span class='ocrx_word' id='word_1_1' title='bbox 671 401 714 465; x_wconf 88' lang='grc'><strong>10</strong></span> 
     </span>
    </p>
   </div>
   <div class='ocr_carea' id='block_1_2' title="bbox 177 578 1257 2562">
    <p class='ocr_par' dir='ltr' id='par_1_2' title="bbox 177 578 1257 2562">
     <span class='ocr_line' id='line_1_2' title="bbox 233 578 1187 665; baseline 0 -20"><span class='ocrx_word' id='word_1_2' title='bbox 233 580 316 647; x_wconf 86' lang='lat' dir='ltr'><strong>Tam</strong></span> <span class='ocrx_word' id='word_1_3' title='bbox 339 580 420 644; x_wconf 87' lang='lat' dir='ltr'><strong>bene</strong></span> <span class='ocrx_word' id='word_1_4' title='bbox 433 579 621 644; x_wconf 78' lang='lat' dir='ltr'><strong>corstitutae</strong></span> <span class='ocrx_word' id='word_1_5' title='bbox 638 580 733 644; x_wconf 83' lang='lat' dir='ltr'><strong>aetati</strong></span> <span class='ocrx_word' id='word_1_6' title='bbox 752 599 822 644; x_wconf 86' lang='lat' dir='ltr'><strong>suas</strong></span> <span class='ocrx_word' id='word_1_7' title='bbox 838 579 985 662; x_wconf 88' lang='lat' dir='ltr'><strong>primum</strong></span> <span class='ocrx_word' id='word_1_8' title='bbox 1005 578 1187 665; x_wconf 82' lang='lat' dir='ltr'><strong>Baylins,</strong></span> 
     </span>
     <span class='ocr_line' id='line_1_3' title="bbox 188 681 1186 785; baseline -0.004 -19"><span class='ocrx_word' id='word_1_9' title='bbox 188 700 310 767; x_wconf 87' lang='lat' dir='ltr'><strong>fraudis</strong></span> <span class='ocrx_word' id='word_1_10' title='bbox 338 681 507 782; x_wconf 72' lang='lat' dir='ltr'><strong>impatiens</strong></span> <span class='ocrx_word' id='word_1_11' title='bbox 537 699 609 774; x_wconf 83' lang='lat' dir='ltr'><strong>vir,</strong></span> <span class='ocrx_word' id='word_1_12' title='bbox 633 698 770 764; x_wconf 89' lang='lat' dir='ltr'><strong>rationes</strong></span> <span class='ocrx_word' id='word_1_13' title='bbox 788 699 860 763; x_wconf 85' lang='lat' dir='ltr'><strong>satis</strong></span> <span class='ocrx_word' id='word_1_14' title='bbox 886 720 998 785; x_wconf 51' lang='lat' dir='ltr'><strong>gaves</strong></span> <span class='ocrx_word' id='word_1_15' title='bbox 1011 699 1186 783; x_wconf 84' lang='lat' dir='ltr'><strong>opposuit,</strong></span> 
     </span>
     <span class='ocr_line' id='line_1_4' title="bbox 186 813 1188 906; baseline 0.002 -24"><span class='ocrx_word' id='word_1_16' title='bbox 186 818 304 906; x_wconf 86' lang='lat' dir='ltr'><strong>quibus</strong></span> <span class='ocrx_word' id='word_1_17' title='bbox 335 830 368 882; x_wconf 91' lang='lat' dir='ltr'><strong>et</strong></span> <span class='ocrx_word' id='word_1_18' title='bbox 400 819 540 881; x_wconf 85' lang='lat' dir='ltr'><strong>natalem</strong></span> <span class='ocrx_word' id='word_1_19' title='bbox 573 837 697 882; x_wconf 86' lang='lat' dir='ltr'><strong>annum</strong></span> <span class='ocrx_word' id='word_1_20' title='bbox 729 817 924 882; x_wconf 68' lang='lat' dir='ltr'><strong>antecessisse</strong></span> <span class='ocrx_word' id='word_1_21' title='bbox 956 813 1022 882; x_wconf 88' lang='lat'>01.·</span> <span class='ocrx_word' id='word_1_22' title='bbox 1043 819 1130 894; x_wconf 84' lang='lat'>158,</span> <span class='ocrx_word' id='word_1_23' title='bbox 1153 831 1188 884; x_wconf 88' lang='lat' dir='ltr'><strong>et</strong></span> 
     </span>
     <span class='ocr_line' id='line_1_5' title="bbox 186 933 1188 1020; baseline -0.003 -18"><span class='ocrx_word' id='word_1_24' title='bbox 186 949 328 1002; x_wconf 83' lang='lat' dir='ltr'><strong>mortem</strong></span> <span class='ocrx_word' id='word_1_25' title='bbox 353 946 425 1019; x_wconf 90' lang='lat' dir='ltr'><strong>post</strong></span> <span class='ocrx_word' id='word_1_26' title='bbox 457 936 520 1003; x_wconf 86' lang='grc'><strong>109</strong></span> <span class='ocrx_word' id='word_1_27' title='bbox 547 933 601 999; x_wconf 86' lang='grc'><strong>01.</strong></span> <span class='ocrx_word' id='word_1_28' title='bbox 624 934 767 1000; x_wconf 88' lang='lat' dir='ltr'><strong>incidisse</strong></span> <span class='ocrx_word' id='word_1_29' title='bbox 785 935 997 1001; x_wconf 86' lang='lat' dir='ltr'><strong>contenderit.</strong></span> <span class='ocrx_word' id='word_1_30' title='bbox 1043 934 1091 1002; x_wconf 87' lang='lat' dir='ltr'><strong>Ac</strong></span> <span class='ocrx_word' id='word_1_31' title='bbox 1111 936 1188 1020; x_wconf 87' lang='lat' dir='ltr'><strong>pri·</strong></span> 
     </span>
     <span class='ocr_line' id='line_1_6' title="bbox 185 1053 1183 1141; baseline 0 -21"><span class='ocrx_word' id='word_1_32' title='bbox 185 1055 396 1141; x_wconf 80' lang='lat' dir='ltr'><strong>nequidem,</strong></span> <span class='ocrx_word' id='word_1_33' title='bbox 421 1074 521 1139; x_wconf 86' lang='lat' dir='ltr'><strong>quam</strong></span> <span class='ocrx_word' id='word_1_34' title='bbox 545 1053 762 1141; x_wconf 77' lang='lat' dir='ltr'><strong>Hieronymus</strong></span> <span class='ocrx_word' id='word_1_35' title='bbox 792 1055 928 1131; x_wconf 84' lang='lat' dir='ltr'><strong>indicet,</strong></span> <span class='ocrx_word' id='word_1_36' title='bbox 959 1066 1075 1120; x_wconf 85' lang='lat' dir='ltr'><strong>natum</strong></span> <span class='ocrx_word' id='word_1_37' title='bbox 1095 1076 1183 1133; x_wconf 88' lang='lat' dir='ltr'><strong>esse,</strong></span> 
     </span>
     <span class='ocr_line' id='line_1_7' title="bbox 185 1172 1186 1258; baseline -0.002 -19"><span class='ocrx_word' id='word_1_38' title='bbox 185 1175 260 1239; x_wconf 89' lang='lat' dir='ltr'><strong>inde</strong></span> <span class='ocrx_word' id='word_1_39' title='bbox 293 1173 433 1258; x_wconf 85' lang='lat' dir='ltr'><strong>probare</strong></span> <span class='ocrx_word' id='word_1_40' title='bbox 463 1184 620 1250; x_wconf 87' lang='lat' dir='ltr'><strong>conatur,</strong></span> <span class='ocrx_word' id='word_1_41' title='bbox 663 1175 751 1258; x_wconf 90' lang='lat' dir='ltr'><strong>quod</strong></span> <span class='ocrx_word' id='word_1_42' title='bbox 782 1172 923 1258; x_wconf 87' lang='lat' dir='ltr'><strong>Vellejus</strong></span> <span class='ocrx_word' id='word_1_43' title='bbox 958 1173 1145 1239; x_wconf 86' lang='lat' dir='ltr'><strong>Paterculus</strong></span> <span class='ocrx_word' id='word_1_44' title='bbox 1171 1176 1186 1223; x_wconf 94' lang='lat'>1</span> 
     </span>
     <span class='ocr_line' id='line_1_8' title="bbox 184 1280 1180 1370; baseline -0.001 -12"><span class='ocrx_word' id='word_1_45' title='bbox 184 1293 300 1358; x_wconf 88' lang='lat' dir='ltr'><strong>diserte</strong></span> <span class='ocrx_word' id='word_1_46' title='bbox 309 1292 424 1369; x_wconf 86' lang='lat' dir='ltr'><strong>tradat,</strong></span> <span class='ocrx_word' id='word_1_47' title='bbox 446 1312 533 1367; x_wconf 90' lang='lat' dir='ltr'><strong>eum,</strong></span> <span class='ocrx_word' id='word_1_48' title='bbox 557 1290 618 1356; x_wconf 90' lang='lat' dir='ltr'><strong>sub</strong></span> <span class='ocrx_word' id='word_1_49' title='bbox 640 1291 676 1357; x_wconf 90' lang='grc' dir='ltr'><strong>Ρ.</strong></span> <span class='ocrx_word' id='word_1_50' title='bbox 689 1291 853 1370; x_wconf 84' lang='lat' dir='ltr'><strong>Africano,</strong></span> <span class='ocrx_word' id='word_1_51' title='bbox 875 1280 1077 1357; x_wconf 89' lang='lat' dir='ltr'><strong>Numantino</strong></span> <span class='ocrx_word' id='word_1_52' title='bbox 1091 1291 1180 1358; x_wconf 89' lang='lat' dir='ltr'><strong>hello</strong></span> 
     </span>
     <span class='ocr_line' id='line_1_9' title="bbox 182 1407 1184 1498; baseline 0.001 -22"><span class='ocrx_word' id='word_1_53' title='bbox 182 1410 330 1497; x_wconf 86' lang='lat' dir='ltr'><strong>equitem</strong></span> <span class='ocrx_word' id='word_1_54' title='bbox 370 1409 565 1475; x_wconf 77' lang='lat' dir='ltr'><strong>militavime.</strong></span> <span class='ocrx_word' id='word_1_55' title='bbox 623 1407 749 1498; x_wconf 77' lang='lat' dir='ltr'><strong>Negans</strong></span> <span class='ocrx_word' id='word_1_56' title='bbox 791 1410 890 1498; x_wconf 89' lang='lat' dir='ltr'><strong>igitur</strong></span> <span class='ocrx_word' id='word_1_57' title='bbox 920 1411 991 1477; x_wconf 89' lang='lat' dir='ltr'><strong>fieri</strong></span> <span class='ocrx_word' id='word_1_58' title='bbox 1021 1411 1184 1496; x_wconf 87' lang='lat' dir='ltr'><strong>potuisse,</strong></span> 
     </span>
     <span class='ocr_line' id='line_1_10' title="bbox 184 1527 1188 1615; baseline 0.003 -23"><span class='ocrx_word' id='word_1_59' title='bbox 184 1540 222 1593; x_wconf 88' lang='lat' dir='ltr'><strong>ut</strong></span> <span class='ocrx_word' id='word_1_60' title='bbox 244 1527 384 1593; x_wconf 83' lang='lat' dir='ltr'><strong>Lucilius</strong></span> <span class='ocrx_word' id='word_1_61' title='bbox 410 1549 506 1613; x_wconf 85' lang='lat' dir='ltr'><strong>eques</strong></span> <span class='ocrx_word' id='word_1_62' title='bbox 536 1529 693 1594; x_wconf 88' lang='lat' dir='ltr'><strong>meruerit</strong></span> <span class='ocrx_word' id='word_1_63' title='bbox 723 1530 970 1615; x_wconf 87' lang='lat' dir='ltr'><strong>quatuordecim</strong></span> <span class='ocrx_word' id='word_1_64' title='bbox 1001 1550 1101 1594; x_wconf 89' lang='lat' dir='ltr'><strong>annos</strong></span> <span class='ocrx_word' id='word_1_65' title='bbox 1123 1551 1188 1595; x_wconf 82' lang='lat' dir='ltr'><strong>na·</strong></span> 
     </span>
     <span class='ocr_line' id='line_1_11' title="bbox 183 1646 1185 1723; baseline -0.001 -11"><span class='ocrx_word' id='word_1_66' title='bbox 183 1658 257 1723; x_wconf 89' lang='lat' dir='ltr'><strong>tus,</strong></span> <span class='ocrx_word' id='word_1_67' title='bbox 291 1646 367 1710; x_wconf 85' lang='lat' dir='ltr'><strong>anni</strong></span> <span class='ocrx_word' id='word_1_68' title='bbox 401 1647 514 1711; x_wconf 89' lang='lat' dir='ltr'><strong>natalis</strong></span> <span class='ocrx_word' id='word_1_69' title='bbox 540 1647 719 1711; x_wconf 87' lang='lat' dir='ltr'><strong>terminum</strong></span> <span class='ocrx_word' id='word_1_70' title='bbox 742 1647 918 1712; x_wconf 87' lang='lat' dir='ltr'><strong>necessario</strong></span> <span class='ocrx_word' id='word_1_71' title='bbox 945 1647 1185 1712; x_wconf 85' lang='lat' dir='ltr'><strong>removendum</strong></span> 
     </span>
     <span class='ocr_line' id='line_1_12' title="bbox 182 1762 1186 1851; baseline -0.002 -19"><span class='ocrx_word' id='word_1_72' title='bbox 182 1765 387 1832; x_wconf 83' lang='lat' dir='ltr'><strong>existimavit.</strong></span> <span class='ocrx_word' id='word_1_73' title='bbox 432 1762 541 1850; x_wconf 88' lang='lat' dir='ltr'><strong>Quam</strong></span> <span class='ocrx_word' id='word_1_74' title='bbox 567 1768 635 1851; x_wconf 90' lang='lat' dir='ltr'><strong>ejus</strong></span> <span class='ocrx_word' id='word_1_75' title='bbox 656 1764 848 1831; x_wconf 88' lang='lat' dir='ltr'><strong>sententiam</strong></span> <span class='ocrx_word' id='word_1_76' title='bbox 875 1769 1029 1842; x_wconf 83' lang='lat' dir='ltr'><strong>luerunt,</strong></span> <span class='ocrx_word' id='word_1_77' title='bbox 1053 1766 1112 1851; x_wconf 90' lang='lat' dir='ltr'><strong>qui</strong></span> <span class='ocrx_word' id='word_1_78' title='bbox 1132 1787 1186 1830; x_wconf 88' lang='lat' dir='ltr'><strong>se·</strong></span> 
     </span>
     <span class='ocr_line' id='line_1_13' title="bbox 183 1881 1187 1972; baseline -0.001 -23"><span class='ocrx_word' id='word_1_79' title='bbox 183 1898 375 1970; x_wconf 75' lang='lat' dir='ltr'><strong>querentur.</strong></span> <span class='ocrx_word' id='word_1_80' title='bbox 421 1881 510 1969; x_wconf 91' lang='lat' dir='ltr'><strong>Quin</strong></span> <span class='ocrx_word' id='word_1_81' title='bbox 531 1885 691 1950; x_wconf 85' lang='lat' dir='ltr'><strong>rationem</strong></span> <span class='ocrx_word' id='word_1_82' title='bbox 727 1885 908 1972; x_wconf 87' lang='lat' dir='ltr'><strong>corrigendi</strong></span> <span class='ocrx_word' id='word_1_83' title='bbox 940 1884 1002 1950; x_wconf 90' lang='lat' dir='ltr'><strong>loci</strong></span> <span class='ocrx_word' id='word_1_84' title='bbox 1021 1882 1187 1972; x_wconf 71' lang='lat' dir='ltr'><strong>Hierony-</strong></span> 
     </span>
     <span class='ocr_line' id='line_1_14' title="bbox 182 2000 1257 2087; baseline 0.001 -23"><span class='ocrx_word' id='word_1_85' title='bbox 182 2001 283 2066; x_wconf 89' lang='lat' dir='ltr'><strong>miani</strong></span> <span class='ocrx_word' id='word_1_86' title='bbox 304 2001 364 2065; x_wconf 93' lang='lat' dir='ltr'><strong>sibi</strong></span> <span class='ocrx_word' id='word_1_87' title='bbox 380 2002 534 2067; x_wconf 85' lang='lat' dir='ltr'><strong>invenisse</strong></span> <span class='ocrx_word' id='word_1_88' title='bbox 557 2002 640 2068; x_wconf 85' lang='lat' dir='ltr'><strong>visus</strong></span> <span class='ocrx_word' id='word_1_89' title='bbox 660 2014 706 2067; x_wconf 85' lang='lat' dir='ltr'><strong>est</strong></span> <span class='ocrx_word' id='word_1_90' title='bbox 722 2002 918 2079; x_wconf 87' lang='lat' dir='ltr'><strong>Vallarsius‚</strong></span> <span class='ocrx_word' id='word_1_91' title='bbox 941 2000 1186 2087; x_wconf 77' lang='lat' dir='ltr'><strong>Hieronymiani</strong></span> <span class='ocrx_word' id='word_1_92' title='bbox 1255 2018 1257 2024; x_wconf 84' lang='grc'><strong>’</strong></span> 
     </span>
     <span class='ocr_line' id='line_1_15' title="bbox 183 2115 1186 2205; baseline -0.002 -21"><span class='ocrx_word' id='word_1_93' title='bbox 183 2115 336 2184; x_wconf 86' lang='lat' dir='ltr'><strong>Chronici</strong></span> <span class='ocrx_word' id='word_1_94' title='bbox 360 2118 481 2192; x_wconf 86' lang='lat' dir='ltr'><strong>editor,</strong></span> <span class='ocrx_word' id='word_1_95' title='bbox 511 2120 567 2202; x_wconf 92' lang='lat' dir='ltr'><strong>qni</strong></span> <span class='ocrx_word' id='word_1_96' title='bbox 587 2141 648 2202; x_wconf 88' lang='lat' dir='ltr'><strong>pro</strong></span> <span class='ocrx_word' id='word_1_97' title='bbox 669 2122 830 2183; x_wconf 76' lang='lat' dir='ltr'><strong>nascitur</strong></span> <span class='ocrx_word' id='word_1_98' title='bbox 853 2119 988 2204; x_wconf 90' lang='lat' dir='ltr'><strong>conjecit</strong></span> <span class='ocrx_word' id='word_1_99' title='bbox 1010 2119 1186 2205; x_wconf 87' lang='lat' dir='ltr'><strong>legendum</strong></span> 
     </span>
     <span class='ocr_line' id='line_1_16' title="bbox 181 2233 1185 2322; baseline 0.001 -22"><span class='ocrx_word' id='word_1_100' title='bbox 181 2238 339 2301; x_wconf 77' lang='lat' dir='ltr'><strong>noscitur</strong></span> <span class='ocrx_word' id='word_1_101' title='bbox 351 2237 402 2302; x_wconf 85' lang='lat' dir='ltr'><strong>vel</strong></span> <span class='ocrx_word' id='word_1_102' title='bbox 419 2239 643 2322; x_wconf 79' lang='lat' dir='ltr'><strong>agnoscitur,</strong></span> <span class='ocrx_word' id='word_1_103' title='bbox 667 2257 735 2300; x_wconf 91' lang='lat' dir='ltr'><strong>non</strong></span> <span class='ocrx_word' id='word_1_104' title='bbox 751 2249 925 2320; x_wconf 86' lang='lat' dir='ltr'><strong>reputans,</strong></span> <span class='ocrx_word' id='word_1_105' title='bbox 941 2258 1024 2322; x_wconf 85' lang='lat' dir='ltr'><strong>quae</strong></span> <span class='ocrx_word' id='word_1_106' title='bbox 1043 2233 1096 2302; x_wconf 93' lang='lat' dir='ltr'><strong>Ol.</strong></span> <span class='ocrx_word' id='word_1_107' title='bbox 1120 2237 1185 2301; x_wconf 88' lang='grc'><strong>169</strong></span> 
     </span>
     <span class='ocr_line' id='line_1_17' title="bbox 180 2354 1187 2443; baseline -0.001 -21"><span class='ocrx_word' id='word_1_108' title='bbox 180 2356 222 2422; x_wconf 90' lang='lat' dir='ltr'><strong>de</strong></span> <span class='ocrx_word' id='word_1_109' title='bbox 242 2354 352 2420; x_wconf 83' lang='lat' dir='ltr'><strong>aetatis</strong></span> <span class='ocrx_word' id='word_1_110' title='bbox 374 2375 478 2430; x_wconf 86' lang='lat' dir='ltr'><strong>anno,</strong></span> <span class='ocrx_word' id='word_1_111' title='bbox 493 2376 594 2440; x_wconf 89' lang='lat' dir='ltr'><strong>quem</strong></span> <span class='ocrx_word' id='word_1_112' title='bbox 605 2354 747 2420; x_wconf 89' lang='lat' dir='ltr'><strong>Lucilius</strong></span> <span class='ocrx_word' id='word_1_113' title='bbox 766 2356 893 2442; x_wconf 89' lang='lat' dir='ltr'><strong>attigit,</strong></span> <span class='ocrx_word' id='word_1_114' title='bbox 911 2358 1084 2443; x_wconf 87' lang='lat' dir='ltr'><strong>leguntur,</strong></span> <span class='ocrx_word' id='word_1_115' title='bbox 1103 2377 1187 2423; x_wconf 89' lang='lat' dir='ltr'><strong>con-</strong></span> 
     </span>
     <span class='ocr_line' id='line_1_18' title="bbox 177 2471 1186 2562; baseline 0.001 -22"><span class='ocrx_word' id='word_1_116' title='bbox 177 2476 321 2560; x_wconf 85' lang='lat' dir='ltr'><strong>jecturae</strong></span> <span class='ocrx_word' id='word_1_117' title='bbox 344 2471 462 2540; x_wconf 89' lang='lat' dir='ltr'><strong>obesse.</strong></span> <span class='ocrx_word' id='word_1_118' title='bbox 508 2473 673 2539; x_wconf 86' lang='lat' dir='ltr'><strong>Praeteriit</strong></span> <span class='ocrx_word' id='word_1_119' title='bbox 697 2487 808 2540; x_wconf 85' lang='lat' dir='ltr'><strong>autem</strong></span> <span class='ocrx_word' id='word_1_120' title='bbox 819 2474 989 2562; x_wconf 81' lang='lat' dir='ltr'><strong>Baylium,</strong></span> <span class='ocrx_word' id='word_1_121' title='bbox 1009 2497 1049 2540; x_wconf 81' lang='lat' dir='ltr'><strong>ex</strong></span> <span class='ocrx_word' id='word_1_122' title='bbox 1065 2474 1186 2541; x_wconf 90' lang='lat' dir='ltr'><strong>Hiero-</strong></span> 
     </span>
    </p>
   </div>
   <div class='ocr_carea' id='block_1_3' title="bbox 180 2593 1187 2683">
    <p class='ocr_par' dir='ltr' id='par_1_3' title="bbox 180 2593 1187 2683">
     <span class='ocr_line' id='line_1_19' title="bbox 180 2593 1187 2683; baseline 0.001 -23"><span class='ocrx_word' id='word_1_123' title='bbox 180 2595 274 2683; x_wconf 74' lang='lat' dir='ltr'><strong>nymi</strong></span> <span class='ocrx_word' id='word_1_124' title='bbox 308 2596 380 2660; x_wconf 91' lang='lat' dir='ltr'><strong>loco</strong></span> <span class='ocrx_word' id='word_1_125' title='bbox 414 2608 647 2682; x_wconf 76' lang='lat' dir='ltr'><strong>argumentum</strong></span> <span class='ocrx_word' id='word_1_126' title='bbox 678 2593 744 2678; x_wconf 86' lang='lat' dir='ltr'><strong>peti</strong></span> <span class='ocrx_word' id='word_1_127' title='bbox 783 2615 892 2678; x_wconf 86' lang='lat' dir='ltr'><strong>posse,</strong></span> <span class='ocrx_word' id='word_1_128' title='bbox 922 2616 988 2680; x_wconf 90' lang='lat' dir='ltr'><strong>quo</strong></span> <span class='ocrx_word' id='word_1_129' title='bbox 1004 2596 1187 2661; x_wconf 79' lang='lat' dir='ltr'><strong>declaretur</strong></span> 
     </span>
    </p>
   </div>
   <div class='ocr_carea' id='block_1_4' title="bbox 95 2712 1290 3751">
    <p class='ocr_par' dir='ltr' id='par_1_4' title="bbox 95 2712 1290 3633">
     <span class='ocr_line' id='line_1_20' title="bbox 184 2712 1187 2800; baseline 0.004 -23"><span class='ocrx_word' id='word_1_130' title='bbox 184 2735 252 2780; x_wconf 92' lang='lat' dir='ltr'><strong>non</strong></span> <span class='ocrx_word' id='word_1_131' title='bbox 274 2726 398 2779; x_wconf 87' lang='lat' dir='ltr'><strong>temere</strong></span> <span class='ocrx_word' id='word_1_132' title='bbox 414 2713 443 2777; x_wconf 87' lang='lat' dir='ltr'><strong>ei</strong></span> <span class='ocrx_word' id='word_1_133' title='bbox 456 2714 557 2777; x_wconf 90' lang='lat' dir='ltr'><strong>fidem</strong></span> <span class='ocrx_word' id='word_1_134' title='bbox 571 2734 635 2778; x_wconf 89' lang='lat' dir='ltr'><strong>esse</strong></span> <span class='ocrx_word' id='word_1_135' title='bbox 655 2712 855 2790; x_wconf 88' lang='lat' dir='ltr'><strong>habendam,</strong></span> <span class='ocrx_word' id='word_1_136' title='bbox 877 2714 999 2800; x_wconf 86' lang='lat' dir='ltr'><strong>quippe</strong></span> <span class='ocrx_word' id='word_1_137' title='bbox 1017 2714 1100 2779; x_wconf 89' lang='lat' dir='ltr'><strong>inre</strong></span> <span class='ocrx_word' id='word_1_138' title='bbox 1111 2735 1187 2781; x_wconf 86' lang='lat' dir='ltr'><strong>cer·</strong></span> 
     </span>
     <span class='ocr_line' id='line_1_21' title="bbox 178 2829 1186 2918; baseline 0 -20"><span class='ocrx_word' id='word_1_139' title='bbox 178 2833 300 2898; x_wconf 83' lang='lat' dir='ltr'><strong>tissima</strong></span> <span class='ocrx_word' id='word_1_140' title='bbox 316 2833 456 2918; x_wconf 85' lang='lat' dir='ltr'><strong>turpiter</strong></span> <span class='ocrx_word' id='word_1_141' title='bbox 476 2833 609 2900; x_wconf 80' lang='lat' dir='ltr'><strong>erranti.</strong></span> <span class='ocrx_word' id='word_1_142' title='bbox 651 2829 738 2897; x_wconf 85' lang='lat' dir='ltr'><strong>Nam</strong></span> <span class='ocrx_word' id='word_1_143' title='bbox 757 2832 945 2898; x_wconf 84' lang='lat' dir='ltr'><strong>subversam</strong></span> <span class='ocrx_word' id='word_1_144' title='bbox 972 2831 1186 2898; x_wconf 80' lang='lat' dir='ltr'><strong>Numantiam</strong></span> 
     </span>
     <span class='ocr_line' id='line_1_22' title="bbox 95 2947 1290 3042; baseline 0.003 -27"><span class='ocrx_word' id='word_1_145' title='bbox 95 2994 97 2997; x_wconf 92' lang='lat'><em>-</em></span> <span class='ocrx_word' id='word_1_146' title='bbox 180 2951 221 3015; x_wconf 86' lang='lat' dir='ltr'><strong>sd</strong></span> <span class='ocrx_word' id='word_1_147' title='bbox 242 2947 296 3016; x_wconf 90' lang='lat' dir='ltr'><strong>Ol.</strong></span> <span class='ocrx_word' id='word_1_148' title='bbox 322 2952 386 3015; x_wconf 85' lang='grc'><strong>159</strong></span> <span class='ocrx_word' id='word_1_149' title='bbox 408 2953 571 3027; x_wconf 85' lang='lat' dir='ltr'><strong>referens,</strong></span> <span class='ocrx_word' id='word_1_150' title='bbox 599 2951 863 3036; x_wconf 84' lang='lat' dir='ltr'><strong>gravissimorum</strong></span> <span class='ocrx_word' id='word_1_151' title='bbox 884 2951 1082 3036; x_wconf 88' lang='lat' dir='ltr'><strong>scriptorum</strong></span> <span class='ocrx_word' id='word_1_152' title='bbox 1104 2973 1186 3035; x_wconf 47' lang='lat' dir='ltr'><strong>auc,—</strong></span> <span class='ocrx_word' id='word_1_153' title='bbox 1288 3020 1290 3042; x_wconf 18' lang='grc' dir='ltr'>Ι</span> 
     </span>
     <span class='ocr_line' id='line_1_23' title="bbox 180 3066 1187 3155; baseline 0.001 -21"><span class='ocrx_word' id='word_1_154' title='bbox 180 3069 304 3134; x_wconf 84' lang='lat' dir='ltr'><strong>toritati</strong></span> <span class='ocrx_word' id='word_1_155' title='bbox 315 3071 520 3155; x_wconf 85' lang='lat' dir='ltr'><strong>refragatur,</strong></span> <span class='ocrx_word' id='word_1_156' title='bbox 544 3068 601 3154; x_wconf 89' lang='lat' dir='ltr'><strong>qui</strong></span> <span class='ocrx_word' id='word_1_157' title='bbox 617 3067 707 3133; x_wconf 88' lang='lat' dir='ltr'><strong>urbis</strong></span> <span class='ocrx_word' id='word_1_158' title='bbox 729 3068 891 3133; x_wconf 83' lang='lat' dir='ltr'><strong>excidium</strong></span> <span class='ocrx_word' id='word_1_159' title='bbox 903 3066 957 3135; x_wconf 87' lang='lat' dir='ltr'><strong>Ol.</strong></span> <span class='ocrx_word' id='word_1_160' title='bbox 972 3070 1058 3147; x_wconf 88' lang='lat'>161,</span> <span class='ocrx_word' id='word_1_161' title='bbox 1084 3072 1104 3135; x_wconf 83' lang='lat'><strong>4</strong></span> <span class='ocrx_word' id='word_1_162' title='bbox 1127 3093 1187 3135; x_wconf 90' lang='lat' dir='ltr'><strong>ac-</strong></span> 
     </span>
     <span class='ocr_line' id='line_1_24' title="bbox 180 3185 1181 3273; baseline 0 -19"><span class='ocrx_word' id='word_1_163' title='bbox 180 3188 289 3254; x_wconf 85' lang='lat' dir='ltr'><strong>cidisse</strong></span> <span class='ocrx_word' id='word_1_164' title='bbox 312 3200 470 3253; x_wconf 84' lang='lat' dir='ltr'><strong>testantur</strong></span> <span class='ocrx_word' id='word_1_165' title='bbox 494 3185 521 3254; x_wconf 71' lang='lat'><strong>2,</strong></span> <span class='ocrx_word' id='word_1_166' title='bbox 566 3185 754 3265; x_wconf 74' lang='lat' dir='ltr'><strong>Praeterea,</strong></span> <span class='ocrx_word' id='word_1_167' title='bbox 778 3187 923 3254; x_wconf 88' lang='lat' dir='ltr'><strong>adhibito</strong></span> <span class='ocrx_word' id='word_1_168' title='bbox 945 3187 1060 3273; x_wconf 87' lang='lat' dir='ltr'><strong>Velleji</strong></span> <span class='ocrx_word' id='word_1_169' title='bbox 1090 3191 1181 3269; x_wconf 82' lang='lat' dir='ltr'><strong>locs,</strong></span> 
     </span>
     <span class='ocr_line' id='line_1_25' title="bbox 180 3305 1186 3393; baseline 0.002 -21"><span class='ocrx_word' id='word_1_170' title='bbox 180 3306 295 3372; x_wconf 89' lang='lat' dir='ltr'><strong>Lucilii</strong></span> <span class='ocrx_word' id='word_1_171' title='bbox 313 3306 429 3372; x_wconf 84' lang='lat' dir='ltr'><strong>militia</strong></span> <span class='ocrx_word' id='word_1_172' title='bbox 447 3308 518 3392; x_wconf 86' lang='lat' dir='ltr'><strong>jam</strong></span> <span class='ocrx_word' id='word_1_173' title='bbox 540 3306 656 3392; x_wconf 89' lang='lat' dir='ltr'><strong>quinto</strong></span> <span class='ocrx_word' id='word_1_174' title='bbox 678 3305 788 3372; x_wconf 84' lang='lat' dir='ltr'><strong>aetatis</strong></span> <span class='ocrx_word' id='word_1_175' title='bbox 804 3327 889 3372; x_wconf 89' lang='lat' dir='ltr'><strong>anno</strong></span> <span class='ocrx_word' id='word_1_176' title='bbox 911 3307 1074 3393; x_wconf 87' lang='lat' dir='ltr'><strong>coepisset.</strong></span> <span class='ocrx_word' id='word_1_177' title='bbox 1109 3305 1186 3393; x_wconf 85' lang='lat' dir='ltr'><strong>Qus</strong></span> 
     </span>
     <span class='ocr_line' id='line_1_26' title="bbox 178 3425 1184 3514; baseline 0.003 -24"><span class='ocrx_word' id='word_1_178' title='bbox 178 3425 283 3514; x_wconf 87' lang='lat' dir='ltr'><strong>magis</strong></span> <span class='ocrx_word' id='word_1_179' title='bbox 316 3428 520 3503; x_wconf 80' lang='lat' dir='ltr'><strong>cavendum,</strong></span> <span class='ocrx_word' id='word_1_180' title='bbox 552 3447 594 3491; x_wconf 87' lang='lat' dir='ltr'><strong>ne</strong></span> <span class='ocrx_word' id='word_1_181' title='bbox 616 3426 695 3512; x_wconf 91' lang='lat' dir='ltr'><strong>quid</strong></span> <span class='ocrx_word' id='word_1_182' title='bbox 717 3428 1090 3514; x_wconf 70' lang='lat' dir='ltr'><strong>amplectamur,‘qu0d</strong></span> <span class='ocrx_word' id='word_1_183' title='bbox 1114 3448 1184 3493; x_wconf 90' lang='lat' dir='ltr'><strong>ncn</strong></span> 
     </span>
     <span class='ocr_line' id='line_1_27' title="bbox 179 3544 756 3633; baseline 0.003 -24"><span class='ocrx_word' id='word_1_184' title='bbox 179 3544 414 3610; x_wconf 88' lang='lat' dir='ltr'><strong>accuratissime</strong></span> <span class='ocrx_word' id='word_1_185' title='bbox 433 3544 688 3633; x_wconf 77' lang='lat' dir='ltr'><strong>pervestigatum</strong></span> <span class='ocrx_word' id='word_1_186' title='bbox 703 3545 756 3611; x_wconf 88' lang='lat' dir='ltr'><strong>sit.</strong></span> 
     </span>
    </p>

    <p class='ocr_par' dir='ltr' id='par_1_5' title="bbox 223 3661 1237 3751">
     <span class='ocr_line' id='line_1_28' title="bbox 223 3661 1237 3751; baseline 0.003 -22"><span class='ocrx_word' id='word_1_187' title='bbox 223 3661 401 3730; x_wconf 80' lang='lat' dir='ltr'><strong>Audiamus</strong></span> <span class='ocrx_word' id='word_1_188' title='bbox 423 3662 535 3749; x_wconf 89' lang='lat' dir='ltr'><strong>igitur,</strong></span> <span class='ocrx_word' id='word_1_189' title='bbox 559 3684 642 3751; x_wconf 88' lang='lat' dir='ltr'><strong>quae</strong></span> <span class='ocrx_word' id='word_1_190' title='bbox 652 3664 694 3731; x_wconf 82' lang='lat' dir='ltr'><strong>ad</strong></span> <span class='ocrx_word' id='word_1_191' title='bbox 705 3665 864 3732; x_wconf 83' lang='lat' dir='ltr'><strong>tuendum</strong></span> <span class='ocrx_word' id='word_1_192' title='bbox 876 3675 1056 3751; x_wconf 88' lang='lat' dir='ltr'><strong>utrumque</strong></span> <span class='ocrx_word' id='word_1_193' title='bbox 1069 3663 1185 3732; x_wconf 90' lang='lat' dir='ltr'><strong>Hiero·</strong></span> <span class='ocrx_word' id='word_1_194' title='bbox 1232 3672 1237 3678; x_wconf 85' lang='lat'>&#39;</span> 
     </span>
    </p>
   </div>
   <div class='ocr_carea' id='block_1_5' title="bbox 117 4009 1202 4180">
    <p class='ocr_par' dir='ltr' id='par_1_6' title="bbox 117 4009 1202 4180">
     <span class='ocr_line' id='line_1_29' title="bbox 211 4009 453 4068; baseline -0.004 -6"><span class='ocrx_word' id='word_1_195' title='bbox 211 4009 387 4068; x_wconf 67' lang='lat' dir='ltr'><strong>intest!</strong></span> <span class='ocrx_word' id='word_1_196' title='bbox 444 4043 453 4061; x_wconf 87' lang='lat'><strong>.</strong></span> 
     </span>
     <span class='ocr_line' id='line_1_30' title="bbox 117 4029 1202 4180; baseline -0.002 -18"><span class='ocrx_word' id='word_1_197' title='bbox 117 4147 119 4152; x_wconf 87' lang='lat'><em>-</em></span> <span class='ocrx_word' id='word_1_198' title='bbox 210 4029 1202 4180; x_wconf 50' lang='lat' dir='ltr'><strong>2GiaPliilixlfflfld.Dis.Epit.59.Eutrcp.lV‚19.-</strong></span> 
     </span>
    </p>
   </div>
   <div class='ocr_carea' id='block_1_6' title="bbox 180 4205 433 4279">
    <p class='ocr_par' dir='ltr' id='par_1_7' title="bbox 180 4205 433 4279">
     <span class='ocr_line' id='line_1_31' title="bbox 180 4205 433 4279; baseline 0 -17"><span class='ocrx_word' id='word_1_199' title='bbox 180 4210 273 4279; x_wconf 81' lang='lat' dir='ltr'><em>App.</em></span> <span class='ocrx_word' id='word_1_200' title='bbox 292 4205 433 4278; x_wconf 57' lang='lat' dir='ltr'><strong>Iber.‚97·</strong></span> 
     </span>
    </p>
   </div>
   <div class='ocr_carea' id='block_1_7' title="bbox 0 0 1294 4756">
    <p class='ocr_par' dir='ltr' id='par_1_8' title="bbox 0 0 1294 4756">
     <span class='ocr_line' id='line_1_32' title="bbox 0 0 1294 4756; baseline 0 0"><span class='ocrx_word' id='word_1_201' title='bbox 0 0 1294 4756; x_wconf 95' lang='lat' dir='ltr'><strong> </strong></span> 
     </span>
    </p>
   </div>
  </div>
 </body>
</html>
