2580 4756
632 359 684 418 2331

139 531 294 596 Lucilius
322 551 389 596 non
423 532 532 596 debuit
554 531 715 608 dubitare,
741 538 828 618 quod
847 549 1047 621 utrumque:
1068 558 1146 599 nam

137 653 177 716 in
214 673 288 716 aare
324 672 425 735 usque
458 651 499 715 ab
520 673 584 717 asse
607 654 647 716 ad
665 654 814 717 centussis
834 676 989 718 numerus
1013 677 1064 719 aes
1088 657 1148 719 ad-

137 768 397 858 significat—1,
411 790 428 831 t>
477 769 567 834 Idem
592 771 706 835 Lucilii
728 771 976 837 inconstantiam
1000 774 1149 838 inmur-
1228 796 1231 802 ’

136 891 258 974 'pandis
281 889 450 976 geminatis
473 889 636 954 vocalibus
660 891 778 973 carpsit
790 889 815 954 ².
848 889 970 955 Contra
991 913 1069 956 vero
1087 914 1149 956 su-

139 1008 299 1092 spiciebat
319 1009 386 1091 ejus
407 1007 441 1070 in
456 1008 565 1071 multis
586 1007 812 1071 eruditionem.
835 1008 934 1073 Testis
945 1008 1148 1083 Macrobius:

125 1125 294 1202 «Cicero
313 1139 346 1190 et
364 1126 470 1192 Varro
492 1125 646 1189 fiduciam
661 1125 706 1188 sie
723 1127 939 1209 componendi
951 1128 1050 1191 verba
1062 1149 1149 1192 non-

141 1246 205 1311 nisi
233 1244 627 1309 exautecedentium
649 1244 838 1309 auctoritate
847 1259 1041 1311 sumserunt.
1064 1245 1148 1312 Nam

140 1362 441 1451 Quadrigarius
472 1364 507 1426 in
530 1364 626 1429 tertio
648 1364 825 1428 Annalium
848 1377 881 1428 et
903 1365 1088 1445 Lucilius
1114 1366 1148 1429 in

140 1482 242 1549 tertio
271 1480 472 1547 Satirarum:
507 1479 566 1546 Ad
581 1494 724 1569 portum
748 1483 847 1547 milla
863 1519 909 1536 -
928 1484 971 1558 Et
982 1486 1059 1548 heus
1081 1485 1145 1548 tu?

129 1602 239 1667 ,hisne
260 1610 330 1666 tam
354 1600 466 1664 doctis
489 1601 584 1677 viris,
604 1622 759 1686 quorum
783 1599 895 1666 Cicero
909 1615 940 1666 et
952 1601 1058 1667 Varro
1071 1602 1149 1666 imi-

141 1734 262 1786 tatoree
283 1741 316 1784 se
338 1720 542 1806 gloriantur,
566 1720 708 1784 adimere
727 1719 821 1784 visin
844 1719 1019 1784 verborum
1043 1720 1148 1783 comi-

139 1841 193 1906 tiis
211 1843 265 1926 jus
280 1839 474 1925 suffragandi
483 1837 525 1901 23
538 1857 557 1900 >t
589 1838 742 1921 Ejusdem
765 1840 852 1901 haud
864 1838 972 1901 minor
985 1839 1046 1902 fuit
1058 1840 1145 1920 apud

140 1956 301 2024 Servium¹
314 1972 347 2022 et
367 1956 534 2022 Messalam
547 1957 737 2053 auctoritas,
762 1967 799 2018 ut
820 1968 910 2038 patet
932 1978 950 2019 e
972 1953 1145 2038 Quintilia-

141 2098 208 2142 no:
234 2102 252 2143 u
265 2075 352 2141 Haec
380 2076 443 2141 luit
472 2096 565 2140 causa
587 2073 700 2139 Servio
722 2073 957 2139 subtrahendae
979 2097 993 2139 s
1017 2075 1145 2152 literae,

140 2196 267 2280 quoties
300 2194 417 2257 ultima
450 2207 528 2258 esset
550 2192 675 2276 aliaque
695 2205 887 2256 consonante
910 2192 1144 2276 susciperetur,

141 2316 233 2399 quod
266 2312 473 2397 reprehendit
504 2311 700 2388 Lauranius,
725 2310 856 2376 Messala
878 2313 1031 2377 defendit.
1055 2311 1139 2377 Nam

139 2454 250 2518 neque
273 2422 473 2496 Lucilium
496 2444 612 2515 putant
634 2430 682 2494 uti
706 2434 817 2495 eadem
829 2431 956 2507 ultima,
981 2453 1057 2494 cum
1069 2431 1146 2495 dicit

137 2549 287 2619 ,Serenu'
304 2549 385 2638 suit
406 2564 439 2614 et
451 2548 587 2638 Dignu’
615 2550 684 2613 loeo
697 2547 724 2618 4,
739 2569 756 2608 n
770 2585 815 2596 -
827 2548 913 2612 Haec
927 2549 1059 2632 quidem
1071 2550 1147 2611 uni-

139 2693 232 2738 verse
254 2673 294 2735 de
316 2669 430 2733 Lucilii
453 2668 569 2733 latinae
591 2669 719 2752 liuguae
740 2666 858 2747 peritia
879 2665 1145 2739 dictasufficiunt.

141 2789 207 2858 Cui
230 2811 344 2874 parem
367 2787 508 2853 Graecae
520 2786 685 2851 scientiam
697 2784 866 2860 accessisse,
880 2805 917 2846 ex
932 2803 1029 2866 opera
1040 2782 1146 2847 Grae-

139 2931 261 2976 corum
291 2907 416 2990 scriptis
440 2917 558 2969 navata
580 2902 734 2968 affirmari
759 2901 852 2979 licet3
877 2899 960 2966 Osce
984 2923 1060 2966 vero
1081 2903 1145 2967 sci·
1192 2954 1195 2961 .

135 3029 223 3095 uisse
239 3047 401 3110 nusquam
421 3024 536 3089 diserte
559 3022 715 3099 traditur3
741 3021 909 3086 verisimile
928 3035 1038 3086 tamen
1059 3022 1144 3087 est5.

180 3269 194 3306 ι
231 3255 275 3302 De
292 3259 326 3304 L.
344 3254 377 3302 L.
397 3249 452 3312 IX,
473 3250 517 3300 81.

178 3367 195 3402 2
222 3351 268 3417 Q·
290 3351 449 3403 Terent,
482 3346 712 3394 Scan'rusde
738 3345 852 3414 Orthog.
883 3361 908 3408 p.
935 3341 1012 3396 2255.

177 3446 195 3498 ὅ
221 3448 351 3496 'Satura
369 3442 394 3505 l,
413 3441 440 3497 5.

176 3540 196 3596 4
229 3545 304 3595 Inst.
323 3543 402 3592 Orat.
419 3538 481 3602 IX,
500 3513 677 3589 aroenae
695 3534 774 3592 Ser.
803 3536 1012 3599 Claudius,
1035 3535 1068 3585 de
1089 3553 1144 3604 quo

143 3640 202 3695 vid.
220 3640 304 3708 Disp·
322 3638 354 3688 de
371 3635 456 3688 Aelio
478 3633 546 3685 Stil.
563 3651 590 3698 p.
609 3633 640 3683 81
659 3649 721 3700 sqq.

176 3738 194 3790 5
230 3738 294 3790 Non
312 3735 442 3786 affirmare
453 3731 590 3782 dubitavit
610 3733 631 3780 S
640 3731 830 3783 chlosser
853 3731 1016 3781 Univdriat·
1033 3730 1143 3781 Uebers.
1175 3773 1176 3776 ,

144 3840 174 3889 d.
204 3835 300 3893 Geren.
321 3835 347 3884 d.
367 3832 419 3883 alt.
439 3825 710 3891 Welt11,2‚243‚
738 3827 785 3894 qui
804 3843 863 3876 eum
883 3826 974 3879 Ennio·
991 3834 1141 3893 comparat,

147 3934 269 3996 Graece,
298 3930 396 3982 Latine
421 3936 448 3978 et
476 3927 546 3978 Osce
574 3924 741 3977 doctissimo.
778 3924 908 3975 Nachlzer
925 3925 1015 3976 lehrte
1034 3925 1146 3976 Ennius

145 4034 189 4085 die
208 4029 336 4084 Oscische
360 4027 416 4078 und
438 4022 617 4076 Grieclrirche
638 4021 761 4090 Sprache
777 4023 807 4071 in
824 4023 916 4082 Rom,
936 4023 1025 4090 zeigle
1044 4021 1144 4071 beson-

145 4131 206 4181 ders
229 4129 283 4179 den
302 4125 417 4192 innigen
439 4118 681 4185 Zosammenltang
697 4118 745 4166 der
762 4117 828 4183 drey
852 4117 1003 4184 Sprachen,
1023 4117 1081 4165 und
1095 4114 1145 4164 be.

657 4218 698 4277 6*
