2580 4756
697 315 742 378 90

221 493 334 562 Multis
354 491 584 577 interpretibus
615 492 753 558 ironiam
776 493 811 557 in
831 492 990 559 vocabulo
1009 489 1221 560 oomir'inve·
1282 480 1284 487 ¹

223 617 295 681 nire
325 612 468 697 placuit:
500 606 553 676 alii
581 623 797 694 putaverunt,
826 612 966 676 studiose
988 632 1028 677 eo
1047 632 1149 678 usum
1167 634 1223 678 ese

224 731 420 807 notatum,
443 725 532 816 quoa
554 728 673 794 naun
686 729 936 796 admiratoribus
958 729 1005 795 uo
1021 705 1158 813 possum
1177 752 1227 815 up-

223 849 364 934 pellandi
383 858 416 913 et
434 847 614 911 honorandi
628 867 698 911 mos
715 847 908 914 invaluisset.
953 845 1113 934 Quamvis
1131 851 1227 914 faten-

222 970 306 1032 dum
315 966 374 1043 sit,
388 963 565 1030 Horatium
575 978 669 1031 antea
679 965 830 1048 carpsisse
840 967 998 1052 quosdam
1010 966 1118 1032 serbis
1131 968 1229 1031 seso

224 1098 259 1150 et
279 1083 436 1149 urbanae
457 1082 612 1157 abusoul,
634 1095 747 1148 tamen
765 1095 881 1147 neutra
902 1084 1061 1149 sententia
1079 1083 1228 1168 ferripo·

226 1216 397 1267 testenam
422 1222 528 1286 neque
550 1203 653 1266 ullam
676 1201 1009 1266 essedissimulationis
1031 1203 1231 1286 quaerendae

227 1321 409 1396 rationem,
431 1319 512 1384 seria
531 1316 679 1384 vocabuli
694 1319 844 1404 repetitio
860 1333 988 1397 monet,
1010 1323 1150 1386 alteram
1170 1341 1228 1384 au·

226 1416 296 1505 tein
325 1438 549 1523 speciosiorem
574 1438 715 1504 aliorum
740 1439 875 1504 refutari
897 1439 1088 1505 testimoniis
1110 1438 1232 1505 videbi·

228 1580 317 1623 mus.
350 1552 750 1641 Aliquanto'verisimilitu
774 1558 942 1636 uideatur,
970 1558 996 1623 si
1021 1559 1124 1643 quior
1145 1579 1182 1623 ea
1201 1579 1232 1622 a·

231 1677 473 1742 nimadvertens
494 1695 578 1759 quae
595 1671 798 1741 Horatiuede
815 1672 1017 1740 Graecorum
1030 1666 1230 1741 oomioorum

223 1797 351 1872 studio,
374 1795 464 1880 quod
480 1793 594 1858 Lucilii
616 1793 788 1877 proprium
802 1793 933 1870 faisen,
954 1793 1234 1872 monueramu-

225 1936 316 1979 snem
346 1914 525 2000 signifioare
544 1911 721 1977 arbitretur
740 1913 924 1989 semiorum,
952 1924 985 1977 et
1005 1915 1148 2002 tragico
1175 1933 1234 1996 op-

227 2033 317 2117 poni.
362 2030 425 2096 Sed
454 2053 561 2116 neque
592 2033 672 2095 haec
693 2031 777 2096 ratio
798 2031 949 2096 mussant
969 2051 1088 2097 rerum
1107 2031 1235 2098 inresu-

228 2149 392 2237 guutibue.
425 2148 535 2234 Quare
555 2149 706 2232 proxima
722 2149 950 2216 oonsideranda
971 2163 1067 2226 sunt,
1088 2162 1129 2217 ut
1147 2151 1235 2234 prio·

230 2289 269 2334 ra
287 2269 499 2333 illustrentur.
548 2265 702 2351 Sequitur
721 2268 827 2331 enim:

274 2384 354 2452 Nou
371 2385 465 2452 ridet
479 2407 596 2451 verme
621 2384 721 2450 Enni
734 2389 917 2475 gravitate
939 2390 1092 2452 minores

277 2509 363 2574 Cum
386 2506 427 2573 ds
450 2530 485 2572 re
508 2507 666 2595 loquittu·
682 2529 751 2573 uon
767 2519 808 2573 ut
829 2510 966 2596 majore
982 2513 1164 2595 repremit
1175 2509 1203 2575 ?.

228 2627 292 2693 >Illa
313 2629 415 2717 igitur
437 2627 571 2695 comitas
593 2647 632 2692 eo
652 2627 839 2706 oonetabet‚
858 2629 947 2713 quod
965 2629 1161 2713 aequissimo
1178 2629 1236 2714 ju-3

230 2749 315 2813 dicio
343 2767 442 2812 suum
458 2746 578 2830 pariter
609 2759 708 2833 atque
743 2737 885 2810 alienum
917 2766 998 2830 opus
1019 2747 1239 2832 dijudicabat,

234 2867 324 2949 quod
367 2865 518 2928 infensius*
539 2865 680 2941 nemini,
710 2865 833 2929 nemini
859 2867 1012 2930 molestus
1040 2869 1237 2956 aoerburque

236 2983 338 3048 videri
369 2991 515 3065 poterut,
547 2983 604 3067 qui
625 2983 713 3047 haud
732 2983 853 3049 leniore
861 2983 984 3067 judicio
1004 2997 1062 3050 aut
1083 2989 1238 3055 modera-

236 3101 319 3165 tiore
337 3100 450 3164 animo
466 3118 525 3163 sua
548 3099 624 3167 vitia
648 3113 837 3183 aopeoenu
850 3122 952 3186 quarn
970 3106 1158 3188 aequalium
1166 3129 1239 3173 suo·

237 3241 338 3296 rum,
358 3218 633 3302 persequebatur,
653 3219 709 3283 sed
739 3217 806 3283 sine
831 3240 942 3285 amore
964 3235 1022 3286 aut
1043 3225 1153 3290 studio
1171 3248 1240 3292 suas

238 3339 375 3423 cuique,
407 3336 525 3423 quibus
555 3336 670 3423 dignus
704 3345 802 3414 esset,
837 3352 894 3403 aut
914 3340 1023 3405 laudes
1046 3355 1104 3406 aut
1125 3364 1240 3429 repre·

239 3457 427 3522 bontionem
454 3455 656 3540 impertitum
673 3455 833 3540 cupiebat.
879 3455 966 3524 Haec
987 3470 1034 3524 est
1056 3460 1112 3525 illa
1127 3463 1240 3548 judicii

239 3575 356 3640 sanitas
390 3587 488 3660 atque
512 3573 740 3661 aequabilitas,
774 3597 876 3660 quam
907 3577 1120 3645 desideratam
1153 3581 1240 3645 omni

241 3714 438 3790 souuerse,
473 3694 526 3760 vix
553 3715 701 3782 unquam
719 3694 852 3762 eluxisse
873 3696 965 3764 inviti
980 3701 1134 3767 fatemur.
1178 3697 1240 3766 Sed

275 3995 288 4034 ι
330 3983 392 4032 Sat.
412 3979 438 4044 l,
456 3979 485 4044 4,
504 3998 548 4052 90·

276 4097 293 4134 2
327 4077 398 4133 eod.
416 4079 481 4132 init.
