2580 4756
632 347 695 408 176

138 535 255 609 crepat
287 523 351 586 liae
371 543 475 607 quam
498 524 620 606 rapuit
643 520 771 606 Apollo
782 520 855 606 fiat
877 544 970 609 ergo.
1019 520 1141 608 Signifi-

138 653 192 706 eat
209 642 255 704 sic
268 640 442 704 liberatum
461 661 494 703 se
518 660 556 703 ao
577 652 783 714 recreatum,
813 641 894 703 dum
912 639 1009 702 illum
1033 643 1141 705 molos-

138 770 213 820 tum
245 755 443 820 adversarius
473 778 548 820 suus
579 756 686 838 rapit,
717 756 905 839 Apollinem
934 756 1141 822 imitatum.»

139 872 290 938 Horatius
317 873 437 948 satira,
472 876 514 937 ad
538 874 628 956 cujus
648 885 794 936 extrema
812 873 912 937 verba
932 874 1013 937 haec
1029 886 1144 939 notan·

139 1004 217 1065 tur,
241 990 353 1054 festive
375 1004 507 1065 narrat,
532 992 812 1073 quemadmodum
835 990 1020 1054 ambulanti
1040 991 1143 1054 sibiin

138 1108 246 1190 Appia
269 1108 320 1173 via
338 1108 574 1190 supervenisset
597 1109 747 1192 garrulus
763 1108 882 1181 homo,
908 1108 1001 1189 cujus
1022 1108 1143 1190 ineptiis

137 1246 204 1289 non
227 1226 316 1309 prius
336 1225 490 1289 liberatus
514 1237 610 1302 esset,
633 1246 734 1307 quam
757 1224 852 1287 illum
868 1224 1144 1306 petitorabduxis·

135 1358 195 1410 set.
241 1341 353 1407 Simile
377 1345 457 1426 quid
473 1344 597 1408 Lucilio
619 1342 784 1407 obvenisse
807 1343 1002 1425 aliquando,
1025 1356 1061 1407 et
1078 1365 1143 1408 rem

136 1461 281 1526 versibus
304 1483 379 1524 eum
403 1460 620 1544 descripsisse,
644 1461 700 1544 qui
724 1459 858 1524 Horatio
875 1462 1143 1542 exemploessent,

139 1592 291 1660 apertum
308 1592 365 1643 est.
389 1577 468 1662 Quis
486 1579 540 1642 ille
560 1581 716 1642 molestus
734 1576 850 1655 fuerit,
868 1578 1073 1660 conjiciendo
1096 1600 1142 1643 me

139 1708 319 1760 assecutum
346 1718 412 1760 csse
440 1718 508 1760 non
539 1697 676 1760 affirmo.
731 1693 863 1778 Conjeci
892 1707 1027 1773 tamen,
1058 1696 1143 1761 fuine

132 1813 437 1900 frumentorium,
472 1815 528 1899 qui
561 1814 638 1877 noni
664 1813 739 1877 libri
774 1815 963 1898 fragmento
1000 1814 1162 1881 vicesimo,

135 1935 277 1997 secundo
304 1945 509 1997 memoratur
540 1932 690 1994 modium
717 1952 829 1994 secum
859 1944 960 2014 atque
994 1934 1142 1996 rutellum

139 2051 291 2114 attulisse.
337 2049 429 2133 Quae
448 2049 587 2132 suspicio
610 2051 699 2112 haud
724 2048 827 2113 aliena
859 2047 1025 2113 videbitur
1053 2071 1140 2132 repu-

137 2167 301 2242 tantibus,
322 2167 484 2230 Lucilium
523 2167 739 2249 publicanum
759 2166 877 2242 fuisse,
914 2168 967 2230 cui
989 2190 1068 2232 cum
1087 2170 1141 2248 hos

139 2281 315 2346 hominum
347 2304 465 2368 genere
499 2285 650 2366 frequens
683 2304 734 2347 res
766 2298 800 2346 et
833 2288 1036 2349 consuetudo
1060 2297 1140 2350 esset

139 2401 285 2465 Fortasse
306 2400 362 2465 hic
383 2422 479 2477 eum,
499 2401 565 2466 sive
588 2401 679 2463 domi
699 2401 765 2465 sive
788 2402 866 2466 soris
885 2403 952 2467 sive
977 2406 1019 2467 ad
1030 2402 1140 2468 Forni-

139 2540 211 2584 cem
224 2518 406 2583 Fabianum
420 2518 454 2581 in
466 2519 517 2583 via
533 2540 623 2582 sacra
643 2539 746 2601 prope
758 2521 869 2582 forum
881 2554 928 2568 -
945 2531 1139 2599 exstructum

138 2639 203 2702 645
219 2637 311 2726 (108)
328 2673 375 2686 -
396 2637 502 2700 nescio
514 2636 594 2720 quid
612 2656 778 2720 nugarum
789 2634 1023 2712 meditantem,
1047 2637 1141 2701 inter-

136 2755 270 2838 pellavit
289 2765 323 2817 et
339 2755 380 2816 ad
396 2751 482 2817 vitae
500 2752 631 2837 negotia
648 2764 681 2815 et
699 2751 845 2815 muneris
865 2773 958 2817 curus
976 2744 1143 2836 intemper-

137 2872 204 2936 tive
226 2871 411 2946 revocavit,
440 2891 520 2932 mox
543 2873 583 2932 de
597 2870 672 2945 lite,
697 2870 749 2932 cui
767 2869 944 2952 implicitus
961 2885 1055 2949 erat,
1078 2891 1142 2937 cst·

136 2987 255 3052 tiorem
290 2989 436 3063 facturn,
470 2962 636 3071 quomodo
666 3009 700 3051 se
728 2989 913 3070 expediret,
942 3002 1140 3072 percontatur

136 3116 206 3178 est,
230 3115 263 3165 et
285 3123 397 3166 causae
419 3105 716 3180 delensiunculam,
740 3125 841 3188 quam
856 3106 1033 3172 meditatus
1052 3119 1140 3182 esset,

135 3217 283 3304 subjecit.
331 3217 482 3303 Cumque
501 3222 541 3284 de
560 3221 737 3286 verborum
757 3222 919 3306 scriptura
942 3225 1143 3312 anxiequao-
1194 3298 1198 3303 ,

135 3339 272 3416 sivisset,
296 3337 420 3423 quippe
441 3337 572 3424 linguae
589 3339 781 3422 imperitus,
811 3341 976 3406 Lucilius:
1008 3370 1027 3410 «
1041 3380 1084 3395 -
1099 3355 1142 3407 at-

138 3479 202 3543 que
220 3478 401 3520 accurrere
418 3457 559 3532 scribas,
583 3456 654 3521 Due
673 3481 716 3521 an
744 3457 771 3523 C
794 3479 862 3522 non
881 3473 930 3524 est
946 3463 1038 3546 quod
1049 3482 1143 3547 quae·

139 3596 190 3640 ras
212 3588 310 3659 atque
339 3574 475 3638 labores.
496 3611 541 3622 —
564 3574 693 3638 Labora
721 3577 860 3652 discere,
885 3578 927 3640 n'e
952 3579 1143 3674 teresipsa,

172 3913 193 3969 6
224 3915 377 3967 Auctor.
395 3923 456 3983 post
469 3918 569 3969 Comm-
591 3921 672 3991 (ἕως.
691 3923 729 3973 ad
744 3925 815 3975 Hor.
837 3923 900 3975 Sur.
917 3921 943 3985 1,
962 3939 991 3991 9,
1009 3924 1054 3992 7⁸·
1072 3918 1145 3975 Ver-

142 4011 188 4063 st·
205 4009 342 4065 Luciliuni
360 4013 457 4064 misere
475 4016 599 4083 corrupti
618 4016 680 4068 linis
699 4017 737 4068 sic
756 4017 961 4073 emaculandus:
981 4023 1012 4073 oi
1029 4037 1048 4072 α
1064 4029 1145 4088 sergo.
