2580 4756
712 400 775 463 110

232 577 403 652 Lucilius,
428 576 485 661 qui
499 575 633 661 {primus
661 576 887 643 condiditstili
910 599 1047 657 nasum,
1070 580 1241 648 dicendum

233 697 296 760 sihi
316 696 464 780 putauit3
493 672 526 760 ³si
551 694 665 762 Cicero
684 699 924 774 mutuandum,
951 701 1146 782 praesertim
1171 722 1241 767 ctum

234 818 276 880 de
295 815 463 898 republica
477 814 654 891 scriberet,
679 829 803 899 quanto
822 836 881 880 nos
901 817 1059 883 causatius
1075 818 1121 884 ab
1138 820 1242 907 aliquo

230 933 341 1018 judice
375 930 639 998 defendimusl»
688 931 851 998 Ciceronis
877 933 1072 1001 sententiam
1091 957 1132 1001 ex
1151 958 1242 1021 prae-

235 1052 358 1116 fatione
393 1050 555 1117 librorum
578 1054 618 1117 de
646 1050 827 1133 Republica
848 1072 932 1129 esse,
955 1064 1043 1119 recte
1059 1053 1242 1123 Harduiniu

232 1170 359 1236 etotuit.
406 1170 522 1235 Lucilii
546 1182 657 1235 autem
683 1169 784 1236 umba
805 1167 921 1236 Cicero
936 1173 1101 1250 mutavit,
1124 1186 1242 1241 utsucr

235 1291 372 1353 fortasse
395 1287 507 1352 aetatis
525 1309 592 1353 non
616 1287 808 1355 illiteratum
831 1289 1005 1355 hominem
1023 1290 1210 1361 intruderet
1219 1294 1242 1361 ¹.

235 1408 362 1475 Verum
397 1408 496 1483 illud,
519 1420 729 1491 quapropter
760 1406 879 1474 Plinius
897 1408 991 1474 uobis
1015 1416 1243 1481 nomenoio

237 1541 323 1606 erat,
342 1529 411 1614 qui
425 1529 570 1615 primus
594 1525 752 1591 condidit
771 1527 857 1592 stili
880 1550 1005 1595 norum
1017 1532 1243 1615 explicandum

237 1647 330 1712 nubis
362 1660 420 1712 est.
466 1645 681 1712 Consentiunt
714 1647 928 1730 interpretes,
954 1648 1031 1714 stili
1063 1672 1185 1719 nucum
1206 1655 1242 1719 de

234 1767 333 1833 satira
354 1769 507 1832 mordace
526 1779 559 1831 et
572 1765 710 1830 immani
729 1767 988 1850 reprehendendi
1009 1767 1146 1838 licentia
1163 1771 1242 1839 :acd-

229 1887 382 1970 ¹pientes,
418 1888 508 1972 quod
539 1906 623 1949 num
645 1896 733 1949 recte
753 1885 876 1950 faciem
895 1906 1034 1954 vercor.v
1066 1887 1175 1957 Video
1190 1904 1240 1957 to·

233 2027 339 2081 rnen,
362 2003 554 2070 nonnemini
572 2003 757 2068 Plinianurn
774 2004 860 2068 otili
870 2007 1240 2077 nosumsubohccueuu

237 2125 346 2189 ristun
366 2123 467 2188 csse‘l.
490 2123 604 2206 Neque
624 2122 813 2187 immerito:
838 2126 916 2201 scil,
939 2125 1118 2212 diligenter
1135 2131 1240 2215 explo-

230 2241 312 2307 rati
336 2241 519 2317 sententie,
540 2241 595 2306 vix
620 2243 716 2306 credo
733 2242 820 2306 stile
841 2240 898 2307 hic
919 2243 1036 2309 satirae
1057 2244 1239 2335 significati·

240 2383 339 2425 onem
368 2360 470 2424 tribui
491 2379 593 2444 posse.
636 2359 795 2425 Indicavit
814 2362 903 2427 enim
924 2361 1077 2430 historiae
1094 2366 1239 2433 naurdi

229 2483 385 2566 scriptor,
396 2479 592 2546 verecundid
604 2493 709 2544 motos
721 2480 887 2546 Lucilium
899 2496 932 2546 et
944 2481 1154 2564 Ciceronem,
1170 2506 1239 2572 quot

236 2603 297 2669 sibi
310 2606 443 2667 lectores
455 2612 653 2685 expeterent,
670 2602 855 2679 ostendisse;
876 2615 968 2667 tento
978 2604 1239 2691 magissibiidem

235 2723 334 2788 licere
346 2745 379 2788 se
390 2720 552 2787 arbitrari.
575 2719 690 2805 Itaque
702 2720 817 2784 referri
827 2723 908 2785 haec
918 2723 961 2786 ad
971 2720 1077 2805 ipsam
1090 2724 1240 2812 linguam,

243 2842 470 2908 adscribendi
497 2841 639 2928 gretiam
660 2854 693 2905 et
716 2840 910 2927 elegantiam
937 2855 1070 2925 putem,
1099 2865 1169 2911 non
1180 2846 1239 2911 lct-

238 2965 314 3026 dem
347 2960 525 3044 praedicari
549 2953 687 3036 Lucilii,
715 2980 782 3044 qua
803 2959 932 3043 primus
955 2961 1069 3027 stilum
1093 2962 1128 3028 in
1147 2964 1240 3029 malo

236 3093 380 3156 acuisset,
394 3099 478 3163 quac
497 3081 565 3143 laus
584 3077 625 3141 ab
644 3078 707 3141 hoc
723 3080 795 3143 loco
810 3080 906 3161 plane
926 3078 1031 3144 alicua
1047 3094 1108 3148 cot.
1128 3080 1240 3149 Neruo

237 3211 350 3263 autem
362 3217 431 3282 quo
442 3199 517 3281 jure
540 3216 670 3280 quaque
687 3197 813 3260 ratione
829 3196 954 3262 dercilo
965 3197 1117 3276 dicatur,
1134 3201 1238 3268 obsce

236 3340 316 3385 rum
339 3329 406 3396 est3
438 3314 654 3399 nequeenim
679 3315 861 3400 quidquam
882 3317 1031 3395 aliunde,
1060 3341 1132 3404 quo
1145 3319 1240 3387 dictio

236 3439 432 3511 illustretur,
446 3434 562 3501 afferri
585 3447 702 3517 potest.
733 3434 815 3499 Mihi
833 3436 967 3520 quidem
980 3437 1179 3504 vocabulum
1191 3414 1249 3504 aut*

236 3559 374 3639 prodere
391 3557 519 3621 videtur
542 3554 755 3640 negligentius
771 3554 988 3633 scribentem,
1012 3556 1071 3642 qui
1093 3558 1238 3624 causatius

275 3797 285 3831 r
329 3778 375 3831 cl.
393 3795 475 3844 supra
493 3795 520 3843 p.
536 3778 581 3829 82.
609 3775 692 3847 Quod
710 3777 781 3843 apud
799 3777 960 3831 Ciceronem
976 3784 1019 3832 est
1036 3778 1236 3837 odAtUWb

239 3894 291 3932 rr:
312 3878 594 3946 Perstringam-ut
609 3878 706 3927 sciant
721 3877 800 3928 παῖδες
814 3877 896 3924 παίδων
913 3879 974 3929 rinc
991 3878 1110 3931 vallo
1128 3877 1235 3932 Duci-

240 3974 253 4025 l
263 3976 274 4026 i
284 3991 381 4037 ano,
402 3981 476 4024 recle
494 3972 527 4022 od
556 3989 614 4024 cam
631 3971 792 4024 sententiam
811 3971 914 4025 Lucilii
932 3974 1061 4029 refertur.
1080 3976 1126 4030 cl.
1146 3978 1234 4031 Wie-

240 4073 253 4122 l
264 4090 281 4122 o
294 4073 342 4123 nd
374 4071 430 4125 cto.
448 4073 538 4143 Brief.
558 4071 646 4124 tibere.
665 4069 725 4125 Vll
744 4088 773 4138 p.
791 4070 854 4143 1⁰6·

272 4186 289 4220 2
324 4168 431 4220 Plom
449 4169 503 4221 ud.
522 4170 617 4221 Persii
633 4185 660 4236 p.
680 4167 738 4222 152.
