<?xml version="1.0" encoding="UTF-8"?>
<!DOCTYPE html PUBLIC "-//W3C//DTD XHTML 1.0 Transitional//EN"
    "http://www.w3.org/TR/xhtml1/DTD/xhtml1-transitional.dtd">
<html xmlns="http://www.w3.org/1999/xhtml" xml:lang="en" lang="en">
 <head>
  <title>
</title>
<meta http-equiv="Content-Type" content="text/html;charset=utf-8" />
  <meta name='ocr-system' content='tesseract 3.04.00' />
  <meta name='ocr-capabilities' content='ocr_page ocr_carea ocr_par ocr_line ocrx_word'/>
</head>
<body>
  <div class='ocr_page' id='page_1' title='image "./studiacriticain00heusgoog_0136.png"; bbox 0 0 2580 4756; ppageno 0'>
   <div class='ocr_carea' id='block_1_1' title="bbox 549 356 610 416">
    <p class='ocr_par' dir='ltr' id='par_1_1' title="bbox 549 356 610 416">
     <span class='ocr_line' id='line_1_1' title="bbox 549 356 610 416; baseline 0 0"><span class='ocrx_word' id='word_1_1' title='bbox 549 356 610 416; x_wconf 85' lang='lat'><strong>125</strong></span> 
     </span>
    </p>
   </div>
   <div class='ocr_carea' id='block_1_2' title="bbox 62 531 1261 1454">
    <p class='ocr_par' dir='ltr' id='par_1_2' title="bbox 62 531 1261 1454">
     <span class='ocr_line' id='line_1_2' title="bbox 115 531 1079 621; baseline 0.004 -26"><span class='ocrx_word' id='word_1_2' title='bbox 115 531 250 596; x_wconf 89' lang='lat' dir='ltr'><strong>Horatio</strong></span> <span class='ocrx_word' id='word_1_3' title='bbox 279 534 319 596; x_wconf 88' lang='lat' dir='ltr'><strong>in</strong></span> <span class='ocrx_word' id='word_1_4' title='bbox 345 533 457 596; x_wconf 84' lang='lat' dir='ltr'><strong>Lucilii</strong></span> <span class='ocrx_word' id='word_1_5' title='bbox 487 535 641 618; x_wconf 87' lang='lat' dir='ltr'><strong>sequendi</strong></span> <span class='ocrx_word' id='word_1_6' title='bbox 663 534 768 598; x_wconf 90' lang='lat' dir='ltr'><strong>studio</strong></span> <span class='ocrx_word' id='word_1_7' title='bbox 785 537 969 621; x_wconf 84' lang='lat' dir='ltr'><strong>jungendus</strong></span> <span class='ocrx_word' id='word_1_8' title='bbox 988 538 1079 600; x_wconf 81' lang='lat' dir='ltr'><strong>vide·</strong></span> 
     </span>
     <span class='ocr_line' id='line_1_3' title="bbox 69 624 1261 761; baseline 0.003 -45"><span class='ocrx_word' id='word_1_9' title='bbox 69 665 125 716; x_wconf 89' lang='lat' dir='ltr'><strong>tur</strong></span> <span class='ocrx_word' id='word_1_10' title='bbox 150 652 289 736; x_wconf 89' lang='lat' dir='ltr'><strong>aequalis</strong></span> <span class='ocrx_word' id='word_1_11' title='bbox 313 665 345 716; x_wconf 89' lang='lat' dir='ltr'><strong>et</strong></span> <span class='ocrx_word' id='word_1_12' title='bbox 357 653 478 716; x_wconf 87' lang='lat' dir='ltr'><strong>amicus</strong></span> <span class='ocrx_word' id='word_1_13' title='bbox 486 653 713 739; x_wconf 83' lang='lat' dir='ltr'><strong>integerrimus</strong></span> <span class='ocrx_word' id='word_1_14' title='bbox 735 653 953 740; x_wconf 73' lang='lat' dir='ltr'><strong>Virgilius,</strong></span> <span class='ocrx_word' id='word_1_15' title='bbox 977 677 1077 739; x_wconf 89' lang='lat' dir='ltr'><strong>quern</strong></span> <span class='ocrx_word' id='word_1_16' title='bbox 1092 629 1122 761; x_wconf 59' lang='lat' dir='ltr'><strong>Pis&#39;</strong></span> <span class='ocrx_word' id='word_1_17' title='bbox 1139 625 1189 745; x_wconf 59' lang='grc' dir='ltr'><strong>ξέἓ</strong></span> <span class='ocrx_word' id='word_1_18' title='bbox 1216 624 1261 760; x_wconf 59' lang='lat'><strong>433</strong></span> 
     </span>
     <span class='ocr_line' id='line_1_4' title="bbox 69 772 1077 858; baseline 0.004 -24"><span class='ocrx_word' id='word_1_19' title='bbox 69 772 192 854; x_wconf 87' lang='lat' dir='ltr'><strong>pariter</strong></span> <span class='ocrx_word' id='word_1_20' title='bbox 218 784 341 835; x_wconf 86' lang='lat' dir='ltr'><strong>constat</strong></span> <span class='ocrx_word' id='word_1_21' title='bbox 357 774 514 835; x_wconf 90' lang='lat' dir='ltr'><strong>nonnulla</strong></span> <span class='ocrx_word' id='word_1_22' title='bbox 534 785 721 836; x_wconf 89' lang='lat' dir='ltr'><strong>mutuatum</strong></span> <span class='ocrx_word' id='word_1_23' title='bbox 745 794 808 836; x_wconf 90' lang='lat' dir='ltr'><strong>esse</strong></span> <span class='ocrx_word' id='word_1_24' title='bbox 831 774 871 836; x_wconf 93' lang='lat' dir='ltr'><strong>ab</strong></span> <span class='ocrx_word' id='word_1_25' title='bbox 896 773 1077 858; x_wconf 77' lang='lat' dir='ltr'><strong>antiquiore</strong></span> 
     </span>
     <span class='ocr_line' id='line_1_5' title="bbox 67 889 1078 976; baseline 0.004 -23"><span class='ocrx_word' id='word_1_26' title='bbox 67 890 243 953; x_wconf 85' lang='lat' dir='ltr'><strong>satirarum</strong></span> <span class='ocrx_word' id='word_1_27' title='bbox 261 889 427 973; x_wconf 82' lang='lat' dir='ltr'><strong>scriptore.</strong></span> <span class='ocrx_word' id='word_1_28' title='bbox 459 890 685 954; x_wconf 80' lang='lat' dir='ltr'><strong>Veruntamen</strong></span> <span class='ocrx_word' id='word_1_29' title='bbox 708 913 813 975; x_wconf 89' lang='lat' dir='ltr'><strong>quum</strong></span> <span class='ocrx_word' id='word_1_30' title='bbox 837 914 895 969; x_wconf 88' lang='lat' dir='ltr'><strong>ea,</strong></span> <span class='ocrx_word' id='word_1_31' title='bbox 920 914 1002 976; x_wconf 85' lang='lat' dir='ltr'><strong>quae</strong></span> <span class='ocrx_word' id='word_1_32' title='bbox 1017 915 1078 957; x_wconf 85' lang='lat' dir='ltr'><strong>ex·</strong></span> 
     </span>
     <span class='ocr_line' id='line_1_6' title="bbox 67 1009 1077 1095; baseline 0.003 -23"><span class='ocrx_word' id='word_1_33' title='bbox 67 1009 218 1092; x_wconf 86' lang='lat' dir='ltr'><strong>presserit</strong></span> <span class='ocrx_word' id='word_1_34' title='bbox 239 1031 278 1072; x_wconf 87' lang='lat' dir='ltr'><strong>ex</strong></span> <span class='ocrx_word' id='word_1_35' title='bbox 296 1011 363 1093; x_wconf 87' lang='lat' dir='ltr'><strong>ejus</strong></span> <span class='ocrx_word' id='word_1_36' title='bbox 386 1010 602 1086; x_wconf 83' lang='lat' dir='ltr'><strong>carminibus,</strong></span> <span class='ocrx_word' id='word_1_37' title='bbox 626 1031 730 1093; x_wconf 88' lang='lat' dir='ltr'><strong>pauca</strong></span> <span class='ocrx_word' id='word_1_38' title='bbox 751 1010 813 1073; x_wconf 86' lang='lat' dir='ltr'><strong>sint</strong></span> <span class='ocrx_word' id='word_1_39' title='bbox 826 1024 858 1075; x_wconf 87' lang='lat' dir='ltr'><strong>et</strong></span> <span class='ocrx_word' id='word_1_40' title='bbox 870 1011 1077 1095; x_wconf 87' lang='lat' dir='ltr'><strong>verbaspec-</strong></span> 
     </span>
     <span class='ocr_line' id='line_1_7' title="bbox 66 1129 1243 1212; baseline 0.004 -21"><span class='ocrx_word' id='word_1_41' title='bbox 66 1141 159 1205; x_wconf 86' lang='lat' dir='ltr'><strong>tent,</strong></span> <span class='ocrx_word' id='word_1_42' title='bbox 183 1149 250 1192; x_wconf 91' lang='lat' dir='ltr'><strong>non</strong></span> <span class='ocrx_word' id='word_1_43' title='bbox 268 1150 384 1212; x_wconf 87' lang='lat' dir='ltr'><strong>operae</strong></span> <span class='ocrx_word' id='word_1_44' title='bbox 421 1131 504 1193; x_wconf 90' lang='lat' dir='ltr'><strong>duco</strong></span> <span class='ocrx_word' id='word_1_45' title='bbox 535 1151 572 1193; x_wconf 92' lang='lat' dir='ltr'><strong>ea</strong></span> <span class='ocrx_word' id='word_1_46' title='bbox 594 1129 704 1209; x_wconf 88' lang='lat' dir='ltr'><strong>omnia</strong></span> <span class='ocrx_word' id='word_1_47' title='bbox 728 1130 917 1195; x_wconf 76' lang='lat' dir='ltr'><strong>exhibere1.</strong></span> <span class='ocrx_word' id='word_1_48' title='bbox 963 1131 1073 1195; x_wconf 90' lang='lat' dir='ltr'><strong>Etiam</strong></span> <span class='ocrx_word' id='word_1_49' title='bbox 1240 1170 1243 1175; x_wconf 90' lang='lat'>-</span> 
     </span>
     <span class='ocr_line' id='line_1_8' title="bbox 65 1222 1217 1364; baseline 0.016 -55"><span class='ocrx_word' id='word_1_50' title='bbox 65 1246 299 1310; x_wconf 90' lang='lat' dir='ltr'><strong>Petronium</strong></span> <span class='ocrx_word' id='word_1_51' title='bbox 329 1248 578 1330; x_wconf 85' lang='lat' dir='ltr'><strong>praetermitte,</strong></span> <span class='ocrx_word' id='word_1_52' title='bbox 603 1270 703 1331; x_wconf 92' lang='lat' dir='ltr'><strong>quem</strong></span> <span class='ocrx_word' id='word_1_53' title='bbox 725 1249 854 1312; x_wconf 89' lang='lat' dir='ltr'><strong>schedio</strong></span> <span class='ocrx_word' id='word_1_54' title='bbox 873 1253 1075 1314; x_wconf 88' lang='lat' dir='ltr'><strong>aemulatum</strong></span> <span class='ocrx_word' id='word_1_55' title='bbox 1105 1222 1217 1364; x_wconf 59' lang='lat' dir='ltr'><strong>arag</strong></span> 
     </span>
     <span class='ocr_line' id='line_1_9' title="bbox 62 1367 1075 1454; baseline 0 -22"><span class='ocrx_word' id='word_1_56' title='bbox 62 1388 130 1432; x_wconf 88' lang='lat' dir='ltr'><strong>esse</strong></span> <span class='ocrx_word' id='word_1_57' title='bbox 164 1367 328 1432; x_wconf 90' lang='lat' dir='ltr'><strong>Lucilium</strong></span> <span class='ocrx_word' id='word_1_58' title='bbox 361 1390 460 1452; x_wconf 87' lang='lat' dir='ltr'><strong>supra</strong></span> <span class='ocrx_word' id='word_1_59' title='bbox 499 1367 679 1433; x_wconf 57' lang='lat' dir='ltr'><strong>vidimusi‘.</strong></span> <span class='ocrx_word' id='word_1_60' title='bbox 737 1367 845 1454; x_wconf 86' lang='lat' dir='ltr'><strong>Magis.</strong></span> <span class='ocrx_word' id='word_1_61' title='bbox 870 1391 928 1433; x_wconf 89' lang='lat' dir='ltr'><strong>nos</strong></span> <span class='ocrx_word' id='word_1_62' title='bbox 962 1372 1075 1435; x_wconf 85' lang='lat' dir='ltr'><strong>adrer-</strong></span> 
     </span>
    </p>
   </div>
   <div class='ocr_carea' id='block_1_3' title="bbox 64 1450 1260 1574">
    <p class='ocr_par' dir='ltr' id='par_1_3' title="bbox 64 1450 1260 1574">
     <span class='ocr_line' id='line_1_10' title="bbox 64 1450 1260 1574; baseline 0.006 -24"><span class='ocrx_word' id='word_1_63' title='bbox 64 1486 104 1550; x_wconf 92' lang='lat' dir='ltr'><strong>tit</strong></span> <span class='ocrx_word' id='word_1_64' title='bbox 134 1484 310 1562; x_wconf 88' lang='lat' dir='ltr'><strong>Persius,</strong></span> <span class='ocrx_word' id='word_1_65' title='bbox 346 1487 387 1550; x_wconf 90' lang='lat' dir='ltr'><strong>ad</strong></span> <span class='ocrx_word' id='word_1_66' title='bbox 418 1488 507 1571; x_wconf 87' lang='lat' dir='ltr'><strong>cujus</strong></span> <span class='ocrx_word' id='word_1_67' title='bbox 528 1487 696 1574; x_wconf 87' lang='lat' dir='ltr'><strong>ingenium</strong></span> <span class='ocrx_word' id='word_1_68' title='bbox 721 1489 935 1553; x_wconf 82' lang='lat' dir='ltr'><strong>excolendum</strong></span> <span class='ocrx_word' id='word_1_69' title='bbox 958 1489 1075 1552; x_wconf 88' lang='lat' dir='ltr'><strong>eximie</strong></span> <span class='ocrx_word' id='word_1_70' title='bbox 1087 1508 1119 1558; x_wconf 81' lang='grc' dir='ltr'><strong>Ν.</strong></span> <span class='ocrx_word' id='word_1_71' title='bbox 1136 1503 1200 1573; x_wconf 77' lang='lat'><strong>34†</strong></span> <span class='ocrx_word' id='word_1_72' title='bbox 1217 1450 1260 1561; x_wconf 42' lang='lat'><strong>62⁴</strong></span> 
     </span>
    </p>
   </div>
   <div class='ocr_carea' id='block_1_4' title="bbox 50 1605 1073 2641">
    <p class='ocr_par' dir='ltr' id='par_1_4' title="bbox 50 1605 1073 2641">
     <span class='ocr_line' id='line_1_11' title="bbox 63 1605 1066 1691; baseline 0 -21"><span class='ocrx_word' id='word_1_73' title='bbox 63 1606 197 1670; x_wconf 83' lang='lat' dir='ltr'><strong>valuisse</strong></span> <span class='ocrx_word' id='word_1_74' title='bbox 221 1605 336 1670; x_wconf 89' lang='lat' dir='ltr'><strong>Lucilii</strong></span> <span class='ocrx_word' id='word_1_75' title='bbox 358 1606 525 1682; x_wconf 84' lang='lat' dir='ltr'><strong>earmina,</strong></span> <span class='ocrx_word' id='word_1_76' title='bbox 550 1609 617 1691; x_wconf 87' lang='lat' dir='ltr'><strong>ejus</strong></span> <span class='ocrx_word' id='word_1_77' title='bbox 642 1606 726 1670; x_wconf 88' lang='lat' dir='ltr'><strong>vitae</strong></span> <span class='ocrx_word' id='word_1_78' title='bbox 748 1607 886 1691; x_wconf 84' lang='lat' dir='ltr'><strong>scriptor</strong></span> <span class='ocrx_word' id='word_1_79' title='bbox 909 1609 1066 1672; x_wconf 88' lang='lat' dir='ltr'><strong>affirmat:</strong></span> 
     </span>
     <span class='ocr_line' id='line_1_12' title="bbox 65 1707 1073 1811; baseline -0.001 -20"><span class='ocrx_word' id='word_1_80' title='bbox 65 1749 82 1791; x_wconf 84' lang='lat' dir='ltr'><strong>u</strong></span> <span class='ocrx_word' id='word_1_81' title='bbox 97 1723 176 1788; x_wconf 89' lang='lat' dir='ltr'><strong>Mox</strong></span> <span class='ocrx_word' id='word_1_82' title='bbox 208 1738 245 1788; x_wconf 94' lang='lat' dir='ltr'><strong>ut</strong></span> <span class='ocrx_word' id='word_1_83' title='bbox 264 1747 283 1788; x_wconf 90' lang='lat' dir='ltr'><strong>a</strong></span> <span class='ocrx_word' id='word_1_84' title='bbox 306 1725 413 1790; x_wconf 90' lang='lat' dir='ltr'><strong>schola</strong></span> <span class='ocrx_word' id='word_1_85' title='bbox 437 1737 469 1788; x_wconf 86' lang='lat' dir='ltr'><strong>et</strong></span> <span class='ocrx_word' id='word_1_86' title='bbox 484 1725 645 1811; x_wconf 72' lang='lat' dir='ltr'><strong>magistris</strong></span> <span class='ocrx_word' id='word_1_87' title='bbox 668 1726 863 1801; x_wconf 82' lang='lat' dir='ltr'><strong>diverterat,</strong></span> <span class='ocrx_word' id='word_1_88' title='bbox 884 1707 968 1790; x_wconf 89' lang='lat' dir='ltr'><strong>lecto</strong></span> <span class='ocrx_word' id='word_1_89' title='bbox 989 1726 1073 1790; x_wconf 91' lang='lat' dir='ltr'><strong>libro</strong></span> 
     </span>
     <span class='ocr_line' id='line_1_13' title="bbox 62 1843 1073 1931; baseline 0 -23"><span class='ocrx_word' id='word_1_90' title='bbox 62 1843 179 1908; x_wconf 90' lang='lat' dir='ltr'><strong>Lucilii</strong></span> <span class='ocrx_word' id='word_1_91' title='bbox 205 1843 355 1918; x_wconf 90' lang='lat' dir='ltr'><strong>decimo,</strong></span> <span class='ocrx_word' id='word_1_92' title='bbox 378 1845 601 1908; x_wconf 45' lang='lat' dir='ltr'><strong>,vehementer</strong></span> <span class='ocrx_word' id='word_1_93' title='bbox 628 1858 747 1931; x_wconf 77' lang='lat' dir='ltr'><strong>satyras</strong></span> <span class='ocrx_word' id='word_1_94' title='bbox 773 1866 968 1927; x_wconf 88' lang='lat' dir='ltr'><strong>componere</strong></span> <span class='ocrx_word' id='word_1_95' title='bbox 1000 1858 1073 1908; x_wconf 84' lang='lat' dir='ltr'><strong>stu-</strong></span> 
     </span>
     <span class='ocr_line' id='line_1_14' title="bbox 60 1961 1073 2046; baseline 0.002 -20"><span class='ocrx_word' id='word_1_96' title='bbox 60 1963 151 2041; x_wconf 82' lang='lat' dir='ltr'><strong>duit3</strong></span> <span class='ocrx_word' id='word_1_97' title='bbox 187 1964 278 2046; x_wconf 88' lang='lat' dir='ltr'><strong>cujus</strong></span> <span class='ocrx_word' id='word_1_98' title='bbox 304 1961 381 2026; x_wconf 91' lang='lat' dir='ltr'><strong>libri</strong></span> <span class='ocrx_word' id='word_1_99' title='bbox 402 1962 600 2044; x_wconf 84' lang='lat' dir='ltr'><strong>principium</strong></span> <span class='ocrx_word' id='word_1_100' title='bbox 620 1962 766 2026; x_wconf 88' lang='lat' dir='ltr'><strong>imitatus</strong></span> <span class='ocrx_word' id='word_1_101' title='bbox 790 1976 855 2039; x_wconf 87' lang='lat' dir='ltr'><strong>est,</strong></span> <span class='ocrx_word' id='word_1_102' title='bbox 878 1963 938 2026; x_wconf 89' lang='lat' dir='ltr'><strong>sibi</strong></span> <span class='ocrx_word' id='word_1_103' title='bbox 964 1964 1073 2046; x_wconf 89' lang='lat' dir='ltr'><strong>primo</strong></span> 
     </span>
     <span class='ocr_line' id='line_1_15' title="bbox 50 2078 1071 2161; baseline 0.002 -17"><span class='ocrx_word' id='word_1_104' title='bbox 50 2102 140 2161; x_wconf 18' lang='lat' dir='ltr'><strong>*rnox</strong></span> <span class='ocrx_word' id='word_1_105' title='bbox 171 2078 324 2144; x_wconf 87' lang='lat' dir='ltr'><strong>omnibus</strong></span> <span class='ocrx_word' id='word_1_106' title='bbox 356 2082 610 2156; x_wconf 67' lang='lat' dir='ltr'><strong>detrectamus,</strong></span> <span class='ocrx_word' id='word_1_107' title='bbox 642 2103 719 2144; x_wconf 91' lang='lat' dir='ltr'><strong>curn</strong></span> <span class='ocrx_word' id='word_1_108' title='bbox 742 2094 832 2145; x_wconf 87' lang='lat' dir='ltr'><strong>tanta</strong></span> <span class='ocrx_word' id='word_1_109' title='bbox 853 2081 1071 2146; x_wconf 90' lang='lat' dir='ltr'><strong>recentiorum</strong></span> 
     </span>
     <span class='ocr_line' id='line_1_16' title="bbox 58 2199 1068 2285; baseline -0.004 -21"><span class='ocrx_word' id='word_1_110' title='bbox 58 2206 233 2285; x_wconf 83' lang='lat' dir='ltr'><strong>poetarum</strong></span> <span class='ocrx_word' id='word_1_111' title='bbox 247 2199 472 2277; x_wconf 83' lang='lat' dir='ltr'><strong>insectatione,</strong></span> <span class='ocrx_word' id='word_1_112' title='bbox 487 2213 524 2264; x_wconf 89' lang='lat' dir='ltr'><strong>ut</strong></span> <span class='ocrx_word' id='word_1_113' title='bbox 537 2201 636 2264; x_wconf 87' lang='lat' dir='ltr'><strong>etiam</strong></span> <span class='ocrx_word' id='word_1_114' title='bbox 649 2199 812 2264; x_wconf 87' lang='lat' dir='ltr'><strong>Neronem</strong></span> <span class='ocrx_word' id='word_1_115' title='bbox 826 2201 1004 2283; x_wconf 86' lang='lat' dir='ltr'><strong>culpaverit</strong></span> <span class='ocrx_word' id='word_1_116' title='bbox 1014 2200 1040 2264; x_wconf 71' lang='grc'><strong>3.</strong></span> <span class='ocrx_word' id='word_1_117' title='bbox 1050 2221 1068 2260; x_wconf 92' lang='grc'>»</span> 
     </span>
     <span class='ocr_line' id='line_1_17' title="bbox 58 2319 1071 2406; baseline -0.003 -22"><span class='ocrx_word' id='word_1_118' title='bbox 58 2319 280 2384; x_wconf 82' lang='lat' dir='ltr'><strong>Memorabilis</strong></span> <span class='ocrx_word' id='word_1_119' title='bbox 316 2333 363 2384; x_wconf 88' lang='lat' dir='ltr'><strong>est</strong></span> <span class='ocrx_word' id='word_1_120' title='bbox 390 2320 558 2406; x_wconf 88' lang='lat' dir='ltr'><strong>singularis</strong></span> <span class='ocrx_word' id='word_1_121' title='bbox 593 2322 672 2383; x_wconf 89' lang='lat' dir='ltr'><strong>haec</strong></span> <span class='ocrx_word' id='word_1_122' title='bbox 703 2333 828 2394; x_wconf 89' lang='lat' dir='ltr'><strong>aetate,</strong></span> <span class='ocrx_word' id='word_1_123' title='bbox 862 2341 927 2404; x_wconf 92' lang='lat' dir='ltr'><strong>qua</strong></span> <span class='ocrx_word' id='word_1_124' title='bbox 959 2319 1071 2383; x_wconf 82' lang='lat' dir='ltr'><strong>floruit</strong></span> 
     </span>
     <span class='ocr_line' id='line_1_18' title="bbox 57 2436 1068 2521; baseline 0 -20"><span class='ocrx_word' id='word_1_125' title='bbox 57 2436 200 2513; x_wconf 86' lang='lat' dir='ltr'><strong>Persius,</strong></span> <span class='ocrx_word' id='word_1_126' title='bbox 225 2436 383 2501; x_wconf 87' lang='lat' dir='ltr'><strong>Luciliani</strong></span> <span class='ocrx_word' id='word_1_127' title='bbox 397 2438 538 2521; x_wconf 85' lang='lat' dir='ltr'><strong>exempli</strong></span> <span class='ocrx_word' id='word_1_128' title='bbox 560 2438 605 2501; x_wconf 88' lang='lat' dir='ltr'><strong>vis</strong></span> <span class='ocrx_word' id='word_1_129' title='bbox 622 2451 655 2500; x_wconf 88' lang='lat' dir='ltr'><strong>et</strong></span> <span class='ocrx_word' id='word_1_130' title='bbox 666 2450 889 2501; x_wconf 90' lang='lat' dir='ltr'><strong>momentum.</strong></span> <span class='ocrx_word' id='word_1_131' title='bbox 915 2436 961 2503; x_wconf 87' lang='lat' dir='ltr'><strong>Ut</strong></span> <span class='ocrx_word' id='word_1_132' title='bbox 979 2439 1068 2501; x_wconf 93' lang='lat' dir='ltr'><strong>hunc</strong></span> 
     </span>
     <span class='ocr_line' id='line_1_19' title="bbox 52 2556 1067 2641; baseline -0.003 -21"><span class='ocrx_word' id='word_1_133' title='bbox 52 2556 233 2621; x_wconf 81' lang='lat' dir='ltr'><strong>aemulatio</strong></span> <span class='ocrx_word' id='word_1_134' title='bbox 244 2557 299 2620; x_wconf 88' lang='lat' dir='ltr'><strong>illa</strong></span> <span class='ocrx_word' id='word_1_135' title='bbox 307 2578 516 2641; x_wconf 87' lang='lat' dir='ltr'><strong>summopere</strong></span> <span class='ocrx_word' id='word_1_136' title='bbox 528 2556 672 2631; x_wconf 89' lang='lat' dir='ltr'><strong>decebat,</strong></span> <span class='ocrx_word' id='word_1_137' title='bbox 685 2556 729 2619; x_wconf 87' lang='lat' dir='ltr'><strong>ita</strong></span> <span class='ocrx_word' id='word_1_138' title='bbox 747 2556 950 2641; x_wconf 74' lang='lat' dir='ltr'><strong>intelligitur,</strong></span> <span class='ocrx_word' id='word_1_139' title='bbox 964 2577 1067 2638; x_wconf 86' lang='lat' dir='ltr'><strong>quan-</strong></span> 
     </span>
    </p>
   </div>
   <div class='ocr_carea' id='block_1_5' title="bbox 54 2766 337 2784">
    <p class='ocr_par' dir='ltr' id='par_1_5' title="bbox 54 2766 337 2784">
     <span class='ocr_line' id='line_1_20' title="bbox 54 2766 337 2784; baseline 0.014 -4"><span class='ocrx_word' id='word_1_140' title='bbox 54 2766 337 2784; x_wconf 43' lang='lat' dir='ltr'>w...-</span> 
     </span>
    </p>
   </div>
   <div class='ocr_carea' id='block_1_6' title="bbox 50 2900 1066 3752">
    <p class='ocr_par' dir='ltr' id='par_1_6' title="bbox 52 2900 1066 3170">
     <span class='ocr_line' id='line_1_21' title="bbox 54 2900 1066 2976; baseline -0.001 -24"><span class='ocrx_word' id='word_1_141' title='bbox 54 2921 109 2972; x_wconf 78' lang='lat' dir='ltr'><strong>que</strong></span> <span class='ocrx_word' id='word_1_142' title='bbox 130 2921 193 2954; x_wconf 81' lang='lat' dir='ltr'><strong>aum</strong></span> <span class='ocrx_word' id='word_1_143' title='bbox 211 2902 303 2968; x_wconf 85' lang='lat' dir='ltr'><strong>polius</strong></span> <span class='ocrx_word' id='word_1_144' title='bbox 324 2903 462 2968; x_wconf 86' lang='lat' dir='ltr'><strong>scripsisse</strong></span> <span class='ocrx_word' id='word_1_145' title='bbox 481 2901 574 2960; x_wconf 67' lang='grc' dir='ltr'><strong>ἐρωτικὰ</strong></span> <span class='ocrx_word' id='word_1_146' title='bbox 593 2901 710 2970; x_wconf 80' lang='lat' dir='ltr'><strong>conjecit</strong></span> <span class='ocrx_word' id='word_1_147' title='bbox 732 2918 764 2951; x_wconf 84' lang='lat' dir='ltr'><strong>ex</strong></span> <span class='ocrx_word' id='word_1_148' title='bbox 782 2900 874 2976; x_wconf 76' lang='lat' dir='ltr'><strong>verbis</strong></span> <span class='ocrx_word' id='word_1_149' title='bbox 891 2909 972 2958; x_wconf 76' lang='lat' dir='ltr'><strong>Hor.</strong></span> <span class='ocrx_word' id='word_1_150' title='bbox 991 2903 1066 2971; x_wconf 72' lang='lat' dir='ltr'><strong>app.</strong></span> 
     </span>
     <span class='ocr_line' id='line_1_22' title="bbox 52 3000 852 3067; baseline -0.004 -14"><span class='ocrx_word' id='word_1_151' title='bbox 52 3001 80 3067; x_wconf 81' lang='lat' dir='ltr'><strong>l,</strong></span> <span class='ocrx_word' id='word_1_152' title='bbox 100 3001 128 3065; x_wconf 79' lang='grc'><strong>5,</strong></span> <span class='ocrx_word' id='word_1_153' title='bbox 149 3003 212 3067; x_wconf 71' lang='lat' dir='ltr'><strong>att:</strong></span> <span class='ocrx_word' id='word_1_154' title='bbox 375 3021 472 3052; x_wconf 86' lang='lat' dir='ltr'><strong>-sea</strong></span> <span class='ocrx_word' id='word_1_155' title='bbox 490 3001 586 3052; x_wconf 82' lang='lat' dir='ltr'><strong>condis</strong></span> <span class='ocrx_word' id='word_1_156' title='bbox 603 3000 723 3051; x_wconf 81' lang='lat' dir='ltr'><strong>amabile</strong></span> <span class='ocrx_word' id='word_1_157' title='bbox 742 3018 852 3050; x_wconf 83' lang='lat' dir='ltr'><strong>carmen</strong></span> 
     </span>
     <span class='ocr_line' id='line_1_23' title="bbox 157 3099 759 3170; baseline -0.002 -22"><span class='ocrx_word' id='word_1_158' title='bbox 157 3100 257 3150; x_wconf 84' lang='lat' dir='ltr'><strong>Prima</strong></span> <span class='ocrx_word' id='word_1_159' title='bbox 264 3100 346 3170; x_wconf 85' lang='lat' dir='ltr'><strong>seres</strong></span> <span class='ocrx_word' id='word_1_160' title='bbox 362 3101 459 3151; x_wconf 83' lang='lat' dir='ltr'><strong>ederae</strong></span> <span class='ocrx_word' id='word_1_161' title='bbox 474 3100 602 3149; x_wconf 77' lang='lat' dir='ltr'><strong>victricis</strong></span> <span class='ocrx_word' id='word_1_162' title='bbox 619 3099 759 3166; x_wconf 83' lang='lat' dir='ltr'><strong>praemia.</strong></span> 
     </span>
    </p>

    <p class='ocr_par' dir='ltr' id='par_1_7' title="bbox 50 3193 1066 3752">
     <span class='ocr_line' id='line_1_24' title="bbox 53 3193 1066 3267; baseline -0.001 -19"><span class='ocrx_word' id='word_1_163' title='bbox 53 3195 110 3248; x_wconf 86' lang='lat' dir='ltr'><strong>Sed</strong></span> <span class='ocrx_word' id='word_1_164' title='bbox 132 3194 238 3248; x_wconf 79' lang='lat' dir='ltr'><strong>uidetur</strong></span> <span class='ocrx_word' id='word_1_165' title='bbox 258 3195 355 3247; x_wconf 86' lang='lat' dir='ltr'><strong>Florus</strong></span> <span class='ocrx_word' id='word_1_166' title='bbox 377 3197 487 3267; x_wconf 79' lang='lat' dir='ltr'><strong>juvenis</strong></span> <span class='ocrx_word' id='word_1_167' title='bbox 499 3196 604 3246; x_wconf 85' lang='lat' dir='ltr'><strong>alluisse</strong></span> <span class='ocrx_word' id='word_1_168' title='bbox 616 3193 784 3261; x_wconf 85' lang='lat' dir='ltr'><strong>expeditioni</strong></span> <span class='ocrx_word' id='word_1_169' title='bbox 796 3193 915 3256; x_wconf 86' lang='lat' dir='ltr'><strong>Tiberii,</strong></span> <span class='ocrx_word' id='word_1_170' title='bbox 928 3194 979 3266; x_wconf 82' lang='lat'><strong>734</strong></span> <span class='ocrx_word' id='word_1_171' title='bbox 995 3197 1066 3264; x_wconf 65' lang='grc' dir='ltr'>(πο),</span> 
     </span>
     <span class='ocr_line' id='line_1_25' title="bbox 52 3292 1066 3363; baseline -0.003 -16"><span class='ocrx_word' id='word_1_172' title='bbox 52 3295 154 3363; x_wconf 68' lang='lat' dir='ltr'><strong>{laque</strong></span> <span class='ocrx_word' id='word_1_173' title='bbox 181 3294 276 3344; x_wconf 84' lang='lat' dir='ltr'><strong>satiras</strong></span> <span class='ocrx_word' id='word_1_174' title='bbox 294 3293 448 3346; x_wconf 84' lang='lat' dir='ltr'><strong>maturiore</strong></span> <span class='ocrx_word' id='word_1_175' title='bbox 465 3304 560 3346; x_wconf 80' lang='lat' dir='ltr'><strong>aetate</strong></span> <span class='ocrx_word' id='word_1_176' title='bbox 577 3293 717 3359; x_wconf 85' lang='lat' dir='ltr'><strong>scripsisse</strong></span> <span class='ocrx_word' id='word_1_177' title='bbox 735 3292 864 3344; x_wconf 90' lang='lat' dir='ltr'><strong>dicendus</strong></span> <span class='ocrx_word' id='word_1_178' title='bbox 881 3296 955 3354; x_wconf 83' lang='lat' dir='ltr'><strong>erit,</strong></span> <span class='ocrx_word' id='word_1_179' title='bbox 986 3306 1066 3359; x_wconf 83' lang='lat' dir='ltr'><strong>post-</strong></span> 
     </span>
     <span class='ocr_line' id='line_1_26' title="bbox 54 3370 1064 3460; baseline -0.003 -17"><span class='ocrx_word' id='word_1_180' title='bbox 54 3410 136 3460; x_wconf 66' lang='lat' dir='ltr'><strong>qusun</strong></span> <span class='ocrx_word' id='word_1_181' title='bbox 166 3370 299 3446; x_wconf 76' lang='lat' dir='ltr'><strong>Horatius</strong></span> <span class='ocrx_word' id='word_1_182' title='bbox 323 3390 356 3440; x_wconf 88' lang='lat' dir='ltr'><strong>ad</strong></span> <span class='ocrx_word' id='word_1_183' title='bbox 376 3409 438 3441; x_wconf 86' lang='lat' dir='ltr'><strong>eum</strong></span> <span class='ocrx_word' id='word_1_184' title='bbox 461 3390 617 3456; x_wconf 82' lang='lat' dir='ltr'><strong>scripserat.</strong></span> <span class='ocrx_word' id='word_1_185' title='bbox 654 3389 698 3440; x_wconf 79' lang='lat' dir='ltr'><strong>Cf.</strong></span> <span class='ocrx_word' id='word_1_186' title='bbox 719 3392 761 3442; x_wconf 92' lang='lat' dir='ltr'><em>W</em></span> <span class='ocrx_word' id='word_1_187' title='bbox 762 3391 848 3442; x_wconf 76' lang='lat' dir='ltr'><strong>cicli.</strong></span> <span class='ocrx_word' id='word_1_188' title='bbox 867 3393 963 3442; x_wconf 75' lang='lat' dir='ltr'><strong>Poe&#39;tt.</strong></span> <span class='ocrx_word' id='word_1_189' title='bbox 982 3392 1064 3447; x_wconf 70' lang='lat' dir='ltr'><strong>batt.</strong></span> 
     </span>
     <span class='ocr_line' id='line_1_27' title="bbox 53 3487 1062 3559; baseline -0.001 -19"><span class='ocrx_word' id='word_1_190' title='bbox 53 3493 104 3541; x_wconf 80' lang='lat' dir='ltr'><strong>Fr.</strong></span> <span class='ocrx_word' id='word_1_191' title='bbox 116 3508 143 3556; x_wconf 88' lang='lat' dir='ltr'><strong>p·</strong></span> <span class='ocrx_word' id='word_1_192' title='bbox 164 3490 213 3544; x_wconf 72' lang='lat'><strong>366</strong></span> <span class='ocrx_word' id='word_1_193' title='bbox 232 3507 294 3559; x_wconf 84' lang='lat' dir='ltr'><strong>sqq.</strong></span> <span class='ocrx_word' id='word_1_194' title='bbox 314 3488 542 3540; x_wconf 85' lang='lat' dir='ltr'><strong>Domesticos</strong></span> <span class='ocrx_word' id='word_1_195' title='bbox 558 3487 776 3554; x_wconf 84' lang='lat' dir='ltr'><strong>appellatosesse</strong></span> <span class='ocrx_word' id='word_1_196' title='bbox 788 3487 927 3538; x_wconf 76' lang='lat' dir='ltr'><strong>militaret</strong></span> <span class='ocrx_word' id='word_1_197' title='bbox 944 3487 1062 3556; x_wconf 85' lang='lat' dir='ltr'><strong>equites,</strong></span> 
     </span>
     <span class='ocr_line' id='line_1_28' title="bbox 50 3584 1064 3656; baseline -0.004 -17"><span class='ocrx_word' id='word_1_198' title='bbox 50 3590 100 3656; x_wconf 86' lang='lat' dir='ltr'><strong>qui</strong></span> <span class='ocrx_word' id='word_1_199' title='bbox 119 3589 147 3637; x_wconf 88' lang='lat' dir='ltr'><strong>in</strong></span> <span class='ocrx_word' id='word_1_200' title='bbox 167 3587 342 3654; x_wconf 84' lang='lat' dir='ltr'><strong>lmperatoris</strong></span> <span class='ocrx_word' id='word_1_201' title='bbox 361 3589 491 3638; x_wconf 81' lang='lat' dir='ltr'><strong>comitatu</strong></span> <span class='ocrx_word' id='word_1_202' title='bbox 509 3593 596 3648; x_wconf 84' lang='lat' dir='ltr'><strong>erant,</strong></span> <span class='ocrx_word' id='word_1_203' title='bbox 608 3593 701 3638; x_wconf 84' lang='lat' dir='ltr'><strong>monet</strong></span> <span class='ocrx_word' id='word_1_204' title='bbox 723 3589 828 3636; x_wconf 81' lang='lat' dir='ltr'><strong>Turn.</strong></span> <span class='ocrx_word' id='word_1_205' title='bbox 840 3586 910 3637; x_wconf 69' lang='lat' dir='ltr'><strong>Ado.</strong></span> <span class='ocrx_word' id='word_1_206' title='bbox 930 3584 1000 3650; x_wconf 80' lang='lat' dir='ltr'><strong>XV,</strong></span> <span class='ocrx_word' id='word_1_207' title='bbox 1020 3591 1064 3643; x_wconf 88' lang='grc' dir='ltr'><strong>ι6.</strong></span> 
     </span>
     <span class='ocr_line' id='line_1_29' title="bbox 52 3671 1064 3752; baseline -0.004 -16"><span class='ocrx_word' id='word_1_208' title='bbox 52 3686 94 3736; x_wconf 89' lang='lat' dir='ltr'><strong>lta</strong></span> <span class='ocrx_word' id='word_1_209' title='bbox 107 3684 253 3752; x_wconf 89' lang='lat' dir='ltr'><strong>apudAm</strong></span> <span class='ocrx_word' id='word_1_210' title='bbox 265 3705 300 3736; x_wconf 84' lang='lat' dir='ltr'><strong>m.</strong></span> <span class='ocrx_word' id='word_1_211' title='bbox 317 3688 441 3737; x_wconf 87' lang='lat' dir='ltr'><strong>Mare.</strong></span> <span class='ocrx_word' id='word_1_212' title='bbox 454 3671 597 3747; x_wconf 72' lang='lat' dir='ltr'><strong>X1V‚²10,</strong></span> <span class='ocrx_word' id='word_1_213' title='bbox 613 3698 641 3737; x_wconf 82' lang='lat' dir='ltr'>u</span> <span class='ocrx_word' id='word_1_214' title='bbox 656 3682 939 3734; x_wconf 85' lang='lat' dir='ltr'><strong>domesticorum</strong></span> <span class='ocrx_word' id='word_1_215' title='bbox 957 3687 1064 3736; x_wconf 87' lang='lat' dir='ltr'><strong>comi.</strong></span> 
     </span>
    </p>
   </div>
   <div class='ocr_carea' id='block_1_7' title="bbox 47 3789 279 3835">
    <p class='ocr_par' dir='ltr' id='par_1_8' title="bbox 47 3789 279 3835">
     <span class='ocr_line' id='line_1_30' title="bbox 47 3789 279 3835; baseline 0.013 -3"><span class='ocrx_word' id='word_1_216' title='bbox 47 3789 103 3834; x_wconf 76' lang='lat' dir='ltr'><strong>tes</strong></span> <span class='ocrx_word' id='word_1_217' title='bbox 121 3791 279 3835; x_wconf 85' lang='lat' dir='ltr'><strong>occurrunt.</strong></span> 
     </span>
    </p>
   </div>
   <div class='ocr_carea' id='block_1_8' title="bbox 85 3876 1063 3951">
    <p class='ocr_par' dir='ltr' id='par_1_9' title="bbox 85 3876 1063 3951">
     <span class='ocr_line' id='line_1_31' title="bbox 85 3876 1063 3951; baseline -0.001 -18"><span class='ocrx_word' id='word_1_218' title='bbox 85 3899 98 3933; x_wconf 84' lang='grc' dir='ltr'><strong>ι</strong></span> <span class='ocrx_word' id='word_1_219' title='bbox 138 3880 181 3933; x_wconf 80' lang='lat' dir='ltr'><strong>Cf.</strong></span> <span class='ocrx_word' id='word_1_220' title='bbox 205 3883 307 3932; x_wconf 81' lang='lat' dir='ltr'><strong>Serv.</strong></span> <span class='ocrx_word' id='word_1_221' title='bbox 329 3883 368 3931; x_wconf 86' lang='lat' dir='ltr'><strong>ad</strong></span> <span class='ocrx_word' id='word_1_222' title='bbox 383 3883 463 3951; x_wconf 80' lang='lat' dir='ltr'><strong>Virg.</strong></span> <span class='ocrx_word' id='word_1_223' title='bbox 481 3884 579 3948; x_wconf 82' lang='lat' dir='ltr'><strong>Georg.</strong></span> <span class='ocrx_word' id='word_1_224' title='bbox 596 3879 693 3948; x_wconf 84' lang='lat' dir='ltr'><strong>ll,98.</strong></span> <span class='ocrx_word' id='word_1_225' title='bbox 718 3876 987 3948; x_wconf 76' lang='lat' dir='ltr'><strong>Aen.1x,227.x‚</strong></span> <span class='ocrx_word' id='word_1_226' title='bbox 1002 3879 1063 3932; x_wconf 70' lang='lat'><strong>104·</strong></span> 
     </span>
    </p>
   </div>
   <div class='ocr_carea' id='block_1_9' title="bbox 81 3997 491 4126">
    <p class='ocr_par' dir='ltr' id='par_1_10' title="bbox 81 3997 491 4126">
     <span class='ocr_line' id='line_1_32' title="bbox 85 3997 170 4044; baseline -0.024 -13"><span class='ocrx_word' id='word_1_227' title='bbox 85 3997 100 4031; x_wconf 81' lang='lat'><em>2</em></span> <span class='ocrx_word' id='word_1_228' title='bbox 133 3997 170 4044; x_wconf 82' lang='lat' dir='ltr'><strong>pt</strong></span> 
     </span>
     <span class='ocr_line' id='line_1_33' title="bbox 81 4075 491 4126; baseline -0.01 0"><span class='ocrx_word' id='word_1_229' title='bbox 81 4076 98 4126; x_wconf 79' lang='lat'>3</span> <span class='ocrx_word' id='word_1_230' title='bbox 139 4077 168 4126; x_wconf 88' lang='lat' dir='ltr'><em>V</em></span> <span class='ocrx_word' id='word_1_231' title='bbox 168 4077 210 4125; x_wconf 74' lang='lat' dir='ltr'><strong>ita</strong></span> <span class='ocrx_word' id='word_1_232' title='bbox 231 4076 365 4126; x_wconf 69' lang='lat' dir='ltr'><strong>Suetonio</strong></span> <span class='ocrx_word' id='word_1_233' title='bbox 382 4075 491 4124; x_wconf 82' lang='lat' dir='ltr'><strong>addila.</strong></span> 
     </span>
    </p>
   </div>
   <div class='ocr_carea' id='block_1_10' title="bbox 0 0 1294 4756">
    <p class='ocr_par' dir='ltr' id='par_1_11' title="bbox 0 0 1294 4756">
     <span class='ocr_line' id='line_1_34' title="bbox 0 0 1294 4756; baseline 0 3"><span class='ocrx_word' id='word_1_234' title='bbox 0 0 1294 4756; x_wconf 95' lang='lat' dir='ltr'><strong> </strong></span> 
     </span>
    </p>
   </div>
  </div>
 </body>
</html>
