2580 4756
615 430 681 493 303

137 612 221 683 mici
255 629 349 699 more
377 606 571 673 cavillatum
605 629 682 672 esse.
740 606 840 673 Possit
867 609 1000 695 quseri,
1033 626 1151 681 utrutu

134 732 239 823 unice
272 726 454 793 hexametri
485 747 582 791 usum
614 728 644 791 ei
675 726 859 805 debuerit,
879 752 923 794 sn
951 730 1014 797 ulit
1041 731 1090 797 ub
1113 754 1153 799 eo

137 861 313 923 mutuatus
343 844 396 909 sit.
441 841 524 906 Mihi
556 844 692 928 quidem
720 859 902 931 utrumque
922 848 1083 931 luobntnr
1104 864 1154 917 nt·

136 992 229 1059 que,
246 989 306 1055 cur
320 965 360 1029 in
379 986 453 1028 eam
474 964 669 1029 sententiam
689 965 841 1043 inducar,
860 971 1045 1037 ostendum.
1074 969 1155 1041 Me·

137 1088 321 1161 minimus,
350 1084 473 1165 duplex
505 1081 566 1146 sibi
596 1082 764 1148 Lucilium
786 1087 949 1151 lectorum
970 1104 1073 1174 genus
1094 1111 1156 1153 ex.

139 1220 279 1292 optasse.
323 1200 408 1267 Num
428 1200 579 1284 primurn
603 1199 712 1267 diocre
730 1203 869 1281 solebat,
894 1228 950 1283 es,
973 1228 1058 1291 quse
1078 1208 1156 1291 scri

138 1326 262 1401 heret,
284 1342 391 1407 neque
423 1342 443 1383 a
473 1317 664 1384 doctissimis
684 1342 792 1405 neque
812 1321 857 1387 ab
879 1323 1103 1391 indoctissimis
1124 1348 1158 1393 se

139 1442 210 1534 legi
233 1444 335 1529 velle,
359 1440 472 1525 itaque
489 1438 643 1522 cupiebat
662 1440 872 1507 mediocriter
882 1445 1013 1521 doctos,
1034 1446 1157 1530 qttieo-

139 1584 244 1639 rw,
269 1581 354 1646 quus
363 1557 556 1641 scripsisset,
581 1579 643 1622 nec
654 1558 737 1624 nihil
754 1560 989 1648 intelligerent,
1012 1585 1073 1629 nec
1085 1567 1158 1647 plus

142 1702 248 1773 quun
267 1679 346 1767 ipse.
370 1676 545 1743 Modestiae
564 1679 627 1743 hoc
643 1701 724 1743 sane
747 1679 872 1767 insigne
895 1694 966 1746 erat
987 1680 1158 1749 indicium.

144 1800 208 1877 Sed
228 1797 447 1869 reformidans
477 1797 565 1860 idem
597 1794 756 1881 Scipionis
784 1811 818 1863 et
834 1798 973 1878 Rutilii,
1009 1818 1090 1883 quos
1124 1801 1160 1865 in

146 1916 337 1987 doctissimis
354 1934 477 1998 ponere
497 1935 565 1978 non
585 1936 759 1993 veremur,
780 1916 953 2001 judicium,
977 1918 1160 1983 Tarentinis

146 2036 255 2123 ajebat
280 2056 315 2101 se
334 2047 368 2100 et
387 2031 590 2099 Consentinis
610 2047 643 2099 et
659 2031 772 2100 Siculis
795 2034 936 2101 seribere
949 2034 976 2101 ¹.
1022 2034 1162 2103 Contru-

152 2155 246 2245 rinm·
260 2156 324 2232 hoc
346 2151 476 2217 ridetur
493 2151 595 2236 priori
609 2152 808 2231 sententiae3
834 2174 900 2219 non
923 2155 1012 2221 enirn
1030 2154 1163 2220 medio·-

153 2270 385 2341 sritsrloctce
407 2273 463 2335 scd
485 2269 745 2335 indoctissimus
756 2271 825 2336 illos
837 2271 1023 2339 existimare
1034 2296 1094 2358 pur
1106 2288 1164 2342 cst.

150 2394 271 2467 Parnm
292 2412 352 2459 nos
364 2394 461 2477 juvat
480 2389 635 2479 Madvigii
655 2392 912 2470 animadversio,
935 2395 1070 2459 dicentis
1094 2396 1165 2459 Lu-

146 2514 264 2581 cilium
285 2512 324 2579 ii·
340 2533 377 2577 se
396 2510 537 2575 scribere
558 2510 730 2586 indicasse,
753 2510 828 2595 qui,
850 2512 885 2574 in
897 2513 1044 2576 confiniis
1057 2512 1165 2579 Grae-

147 2652 207 2699 cae
234 2642 278 2699 et.
303 2628 436 2713 Latinae
470 2641 528 2691 aut
563 2628 674 2712 potius
704 2625 807 2693 Oscae
836 2628 968 2714 lmguue
989 2629 1079 2706 nati,
1106 2652 1163 2713 pe-

145 2770 228 2827 tum
247 2746 380 2813 subtiles
400 2758 504 2811 essent
520 2747 721 2829 scriptorum
738 2744 881 2831 judices,
907 2758 941 2811 et
959 2746 993 2809 iu
1016 2746 1163 2813 Bruteci-

146 2868 212 2955 dtus
245 2863 445 2953 bilinguibus
479 2864 521 2928 ab
546 2861 651 2929 Ennio
669 2863 767 2947 positi
784 2876 904 2940 essent,
929 2866 1018 2949 quod
1038 2864 1162 2931 Graece

150 3000 184 3069 et
204 2984 295 3052 Osce
313 2986 538 3069 loquerentur.
582 2981 684 3047 Porro
706 2994 744 3046 ut
766 2985 862 3059 dem,
883 2982 1163 3070 Wesenbergium

148 3106 227 3173 snite
249 3102 451 3197 suspicatum
476 3123 558 3178 esse,
574 3182 577 3187 Ι
593 3100 758 3166 Lucilium
782 3104 884 3166 facete
905 3100 1088 3167 orationem
1106 3125 1165 3188 pt·

150 3244 230 3301 rum
248 3243 372 3313 purum
395 3234 428 3286 et
454 3208 709 3303 Graecis-verbis
728 3219 957 3286 intermixtam
980 3242 1165 3299 excusasse,

149 3322 348 3435 ωήςῖὶίιιᾱ
365 3343 484 3405 funum
505 3353 572 3418 est,
589 3342 711 3425 quode
731 3339 859 3405 duobus
879 3338 1041 3405 Lucilisni
1058 3340 1165 3423 operis

149 3460 351 3551 locitpetilo
360 3460 505 3547 putavit,
528 3479 614 3545 quse
627 3459 667 3522 de
678 3457 788 3523 Persio
801 3478 950 3543 quaeque
961 3460 1001 3522 de
1013 3454 1165 3541 Scipione

152 3592 189 3671 ,tt
221 3579 349 3671 Rutilio
377 3576 492 3645 Cicero
523 3577 736 3654 memoravit,
753 3576 799 3641 ita
819 3588 857 3639 ut
877 3579 980 3641 altero
997 3596 1065 3641 non
1086 3578 1168 3643 doo-

161 3698 285 3765 titsimis
301 3718 364 3763 nec
385 3709 497 3762 temen
506 3695 642 3761 rudibus
653 3717 685 3760 se
701 3696 841 3761 scribere
855 3693 1073 3782 significasset,
1087 3698 1167 3761 alte-

162 3816 353 3907 ris-indoctis
370 3829 404 3881 et
423 3818 523 3903 vulgo
535 3814 564 3882 2.
587 3813 659 3879 Non
681 3815 769 3880 enim
793 3816 980 3901 scripsisse
989 3815 1091 3894 illud,
1111 3818 1166 3881 sed

197 4118 209 4157 t
245 4102 314 4172 sap.
333 4122 363 4172 p·
381 4104 425 4171 td,
445 4105 489 4169 82,
510 4104 556 4175 94,
581 4119 641 4159 tto.

197 4216 214 4255 ι
243 4204 369 4259 lado.
390 4204 429 4255 ad
451 4205 508 4261 Cic.
529 4203 563 4255 de
584 4203 650 4254 Pin.
671 4201 695 4265 Ι,
715 4201 743 4264 5,
765 4221 791 4269 7.
