2580 4756
517 310 581 368 209

56 488 90 552 in
112 489 185 569 jura
214 488 358 546 humana
379 503 417 546 ac
440 484 548 547 divina
573 470 738 564 peccabat.
785 478 952 546 Habemus
975 484 1070 544 deso

54 625 162 667 unum
193 602 343 665 omnium
375 601 603 684 gravissimum
629 598 794 665 Ciceronis
817 599 1067 670 testimonium,

53 743 72 782 e
94 740 161 803 quo
187 730 296 800 patet,
328 739 429 800 quam
459 718 604 781 inaudita
636 717 777 780 hominis
795 717 894 780 fuerit
912 716 1097 809 nequitia..

54 835 122 902 «si
159 838 364 911 mehercule,
396 835 536 918 judices,
571 854 633 916 pro
671 835 709 897 L.
738 833 870 896 Tubulo
902 835 1065 908 dicerem,

54 976 157 1037 quem
182 975 287 1015 unum
307 974 345 1015 ex
367 952 458 1015 omni
480 952 640 1014 memoria
662 952 944 1015 sceleratissimum
965 963 997 1014 et
1010 973 1066 1014 au-

55 1068 267 1133 dacissimum
302 1069 397 1131 fuisse
430 1069 632 1149 accepimus,
666 1081 778 1131 tamen
796 1088 863 1130 non
891 1066 1069 1142 timerem,

54 1208 220 1251 venenum
245 1185 364 1268 hospiti
387 1198 443 1249 aut
464 1186 616 1249 convivae
634 1186 658 1248 si
677 1186 839 1248 diceretur
863 1185 1010 1248 coenanti
1026 1184 1067 1246 ab

54 1305 111 1367 iilo
132 1305 267 1378 datum,
298 1303 349 1366 cui
380 1323 487 1385 neque
513 1304 604 1365 heres
634 1323 741 1385 neque
763 1303 864 1365 iratus
883 1300 1032 1366 suisset1.
1047 1320 1063 1361 n

55 1418 143 1495 Cui,
179 1420 224 1483 sic
262 1419 325 1481 alio
359 1422 430 1482 loco
466 1420 530 1494 ait,
574 1418 694 1481 Tubuli
731 1441 853 1482 nornen
889 1420 963 1482 odio
998 1440 1065 1482 non

54 1534 151 1599 esst2
174 1533 329 1598 Successit
347 1547 456 1598 autem
476 1537 572 1618 hujus
595 1535 679 1599 vitae
699 1537 836 1618 pessime
849 1550 937 1600 actae
950 1537 1067 1621 dignus

55 1654 170 1717 exitus.
204 1651 288 1715 Nam
313 1665 447 1734 propter
470 1655 575 1716 multa
592 1654 736 1738 flagitia,
762 1675 867 1737 quum
893 1655 934 1716 ab
957 1653 1067 1716 exsilio

54 1774 96 1833 ad
116 1790 245 1833 causam
263 1768 433 1831 dicendam
455 1769 619 1832 arcessitus
645 1783 735 1844 esset,
758 1771 791 1831 id
804 1791 908 1832 unum
920 1782 1068 1833 metuens

55 1909 97 1949 ne
130 1887 165 1948 in
200 1906 328 1947 carcere
365 1897 556 1958 necaretur,
595 1888 700 1948 fertur
725 1908 888 1949 venenum
910 1886 1026 1949 bibisse
1039 1886 1076 1954 3.,

55 2003 155 2086 Quod
191 2003 391 2063 documento
424 2015 493 2077 est,
518 2001 732 2082 pertinaciam
768 2005 880 2081 animi,
913 2025 996 2087 quae
1028 2005 1067 2066 ad

54 2119 276 2202 perpetranda
306 2115 450 2180 facinora
487 2117 608 2181 invicta
640 2119 769 2196 fuisset,
800 2122 913 2186 mortis
946 2142 1069 2207 appro-

55 2233 273 2318 pinquatione
300 2236 438 2297 fractam
457 2235 602 2321 jacuisse.

101 2471 291 2541 Eorundem
334 2462 494 2544 scelerum
526 2478 676 2545 societate
708 2503 820 2564 parem
861 2477 898 2544 L.
936 2478 1068 2542 Tubulo

55 2617 88 2659 se
111 2594 190 2657 tulit
212 2594 249 2658 C.
277 2595 468 2676 Papirius
491 2594 632 2660 Garbe.
679 2597 786 2659 Dousa
809 2595 925 2658 dubius
952 2596 1069 2672 haesit,

55 2733 158 2796 quem
180 2735 219 2776 ex
232 2710 437 2776 Carbonibus
455 2711 611 2796 tetigisset
632 2717 739 2793 poeta,
759 2733 864 2795 quum
879 2707 993 2775 Cicero
1003 2724 1067 2776 tres

54 2831 171 2892 fratres
200 2829 349 2890 omnium
371 2828 630 2908 improbissimos
652 2849 690 2894 eo
713 2827 847 2891 nomine
869 2829 1068 2892 recensuerit

57 2946 105 3008 his
140 2944 262 3006 verbis:
303 2943 556 3029 «Cognovimus
591 2941 651 3009 Cn.
689 2943 901 3023 Carbonem,
939 2959 971 3009 et
998 2949 1065 3030 ejus

54 3065 193 3125 fratrem
216 3082 375 3125 scurram.
413 3059 500 3147 Quid
525 3062 574 3126 his
593 3062 804 3146 improbius?
837 3064 886 3127 De
904 3066 966 3128 hoc
984 3064 1066 3128 ami·

50 3201 94 3242 eo
119 3200 204 3255 mee,
227 3178 371 3242 Rubriae
392 3180 471 3255 filio,
494 3179 576 3244 nihil
596 3182 679 3246 dico.
705 3182 784 3245 Tres
796 3181 844 3244 illi
859 3185 975 3247 fratres
989 3185 1065 3247 hre-

52 3319 114 3373 re,
139 3294 178 3361 C.
203 3296 264 3361 Cn.
290 3294 335 3360 M.
361 3295 537 3361 Carbones.
566 3296 695 3363 Marcus
708 3299 742 3363 P.
759 3300 876 3364 Flacco
889 3315 1061 3365 accusante

53 3416 309 3488 condemnatus,
335 3416 593 3498 furmagnusex
606 3413 722 3479 Sicilia.
757 3414 873 3499 Cajus,
896 3428 1065 3481 accusante

53 3531 92 3594 L.
122 3528 259 3607 Crasso,
284 3531 488 3594 cantharidas
505 3532 652 3596 sumsisse
672 3533 803 3598 dicitur.
852 3533 882 3599 Is
903 3548 937 3596 et
961 3533 1066 3598 tribu-

49 3669 114 3711 nus
137 3647 239 3730 plebis
259 3648 425 3712 seditiosus
447 3661 479 3713 et
499 3648 534 3717 P.
560 3648 714 3717 Africano
735 3649 803 3714 vim
823 3650 965 3715 attulisse
984 3652 1064 3717 exis·

90 3883 102 3919 1
139 3871 197 3919 Pro
219 3871 325 3921 Scauro
345 3887 371 3937 1,
391 3871 417 3921 5.

89 3988 106 4022 2
142 3970 186 4018 De
205 3969 268 4017 Fin.
290 3967 328 4030 V,
348 3985 392 4034 22,
414 3969 457 4021 62.

87 4063 105 4115 ὃ
143 4063 172 4111 A
181 4081 227 4119 sc,
247 4066 367 4119 Paeti,
390 4062 428 4118 ad
447 4065 501 4115 otc.
518 4083 548 4133 p.
570 4066 676 4115 Scauro
694 4081 723 4130 p.
742 4064 785 4119 25.

550 4164 589 4228 14
