2580 4756
681 387 742 447 132

252 564 391 628 Hostem
420 586 488 626 esse
520 577 621 650 atque
652 564 838 626 inimicum
864 561 1045 627 hominum
1069 585 1223 629 morum·

891 706 954 771 que
976 684 1179 762 mulorum,

250 803 379 866 Contra
395 801 604 889 defensorem
628 801 806 866 leontinum
818 823 1017 888 morumque
1030 802 1220 880 hortorum,

249 920 482 1010 Magnificam
495 921 565 999 Itos,
576 920 633 984 tte
646 920 723 984 hene
733 922 829 998 velle,
844 921 901 985 tte
913 923 1026 985 nivere
1038 923 1219 987 amieumt

206 1040 353 1105 Tandem
389 1042 524 1128 adjungi
554 1041 771 1125 superioribus
805 1053 910 1124 potest
940 1040 1149 1127 Eugenius
1171 1041 1219 1117 ll,

206 1161 380 1224 Toletanus
403 1161 603 1244 Episcopus,
637 1160 693 1244 qui
721 1161 839 1224 insulse
873 1159 1077 1224 Lucilianum
1102 1159 1217 1225 tmesin

204 1282 384 1346 aemulatus
403 1288 451 1344 est
476 1278 637 1355 versibus,
663 1299 810 1364 quorum
831 1280 898 1343 duo
920 1280 1113 1363 posteriores
1125 1301 1218 1364 supra

209 1400 380 1463 retulimus
393 1398 420 1461 2.

253 1635 414 1700 Persecuti
447 1637 579 1722 vestigia
608 1657 738 1711 sumus,
768 1637 873 1712 unde,
897 1657 962 1722 qua
985 1634 1216 1701 existimatione

208 1755 324 1820 Lucilii
357 1760 509 1838 poemata
542 1755 630 1819 vario
665 1768 813 1837 tempore
836 1756 980 1832 suerint,
1016 1756 1215 1841 aliquatenus

206 1875 410 1957 perspicitur.
443 1873 516 1938 Non
536 1874 637 1960 igitur
659 1872 715 1937 abs
739 1894 775 1937 re
800 1872 951 1950 videtur,
974 1873 1030 1938 hic
1043 1896 1215 1958 quaerere,

207 1995 294 2057 unde
329 1993 441 2078 ingens
476 1994 532 2056 illa
554 2007 586 2056 et
606 1992 800 2056 incredibilis
824 2006 936 2064 exorta
960 1994 1002 2058 sit
1024 1994 1214 2068 admiratio,

208 2134 291 2195 quae
309 2113 349 2175 ad
370 2110 493 2176 Horatii
516 2125 655 2176 aetatem
667 2133 797 2176 summa
810 2126 841 2176 et
854 2116 922 2176 lere
935 2113 1105 2190 universa,
1131 2114 1213 2178 dein·

208 2232 247 2292 dc
268 2229 460 2311 pauciorum
494 2229 574 2303 fuit,
609 2251 670 2293 nec
692 2232 788 2312 plane
810 2230 948 2295 exolevit
982 2233 1143 2314 quamdiu
1163 2253 1215 2296 su·

209 2347 331 2430 perluit
349 2347 463 2409 Lucilii
482 2346 594 2429 poesis.
618 2347 732 2412 Fusius
745 2350 823 2413 haec
835 2349 996 2431 explicare
1018 2348 1216 2416 Mansonis

213 2467 246 2528 in
267 2465 380 2548 primis
398 2465 554 2529 industria
577 2474 666 2530 vetat
679 2465 706 2530 3.
751 2465 781 2531 Is
802 2467 859 2530 etsi
886 2467 920 2531 in
940 2468 992 2544 iis,
1004 2471 1140 2553 quaede
1152 2470 1216 2534 Lu·

211 2586 285 2650 cilio
316 2586 485 2669 exposuit,
521 2606 760 2671 nonnunquam
783 2609 800 2651 a
821 2606 897 2652 vero
910 2588 1092 2667 aberravit,
1111 2603 1216 2654 tamen

208 2718 344 2788 propter
373 2705 505 2768 eximias
522 2704 707 2790 diligentiae
728 2705 963 2787 perspicuitatis
977 2707 1217 2792 elegantiaeque

208 2824 315 2886 laudes
335 2825 499 2904 praeclare
524 2823 625 2886 officio
648 2825 778 2886 functus
799 2836 856 2887 est.
894 2821 1060 2888 Memorat
1083 2825 1139 2888 ille
1155 2827 1217 2890 du-

208 2940 329 3023 plicem
354 2942 420 3024 ejus
447 2942 493 3004 rei
528 2963 668 3006 causam.
715 2941 863 3006 Alteram
880 2942 1103 3029 singularem
1124 2946 1218 3009 ortti-

213 3060 367 3144 qnitatr's
387 3081 536 3122 amorem
548 3071 579 3122 et
592 3063 851 3125 venerationem.
876 3058 967 3144 Quae
977 3075 1101 3145 quanta
1113 3084 1177 3128 esse
1188 3062 1218 3125 in

178 3263 185 3270 .
209 3175 359 3263 gentibus
381 3179 501 3253 soleat,
536 3177 592 3240 ubi
616 3177 729 3260 primis
750 3184 878 3262 poeseos
901 3179 998 3244 initiis
1019 3182 1217 3267 rudibusque

210 3297 396 3380 primorum
422 3302 595 3378 poetarum
623 3298 771 3379 periculis
801 3301 949 3362 succedat
974 3299 1095 3364 cultior
1112 3315 1216 3377 astos,

210 3426 427 3478 monumenta
459 3412 585 3495 pariens
612 3415 743 3500 tingue,
771 3415 844 3480 stilo
859 3417 1019 3503 variisque
1044 3420 1214 3485 venustatis

210 3535 450 3621 elegantiaeque
480 3533 652 3598 virtutibus
679 3534 830 3609 illustria,
862 3535 936 3600 satis
959 3537 1064 3602 omnis
1087 3539 1214 3605 historia

247 3775 257 3808 t
298 3760 365 3822 Sup.
404 3797 411 3812 .
455 3775 479 3808 2.

246 3872 261 3904 2
297 3775 400 3907 cludi
418 3777 568 3909 etiBitlrr
590 3859 639 3924 Op.
660 3856 680 3909 I.
710 3857 835 3926 Suppli
854 3875 881 3924 p.
901 3858 944 3911 81.
969 3861 1121 3916 Grrtsze
1141 3858 1216 3930 0p.l.

213 3951 456 4022 11,1,1‚378.

247 4049 263 4100 5
299 4049 351 4100 (tlt.
372 4050 492 4101 Nachtr.
510 4069 532 4098 z.
556 4049 651 4102 Sulzer
672 4067 701 4115 p.
714 4049 837 4119 tttaqq.
858 4052 899 4101 W
906 4049 965 4100 iel
975 4053 1141 4106 ondHor.
1157 4053 1212 4102 Sar.

206 4145 328 4212 hilo.
