2580 4756
533 366 680 429 tt·

45 543 203 611 omnibus
222 543 278 628 qui
302 563 353 608 eas
373 562 563 629 cognoscere
588 541 744 607 arerent?
788 538 861 607 Non
883 542 1057 620 videntur3

44 665 104 728 sed
132 659 345 727 familiaribus
366 661 431 726 suis
450 662 587 748 legendo
607 674 643 727 et
656 663 909 726 commentando
925 682 977 727 eas
1000 681 1059 725 no-

48 793 101 845 tas
122 783 281 846 iecerunt.
326 779 442 846 Procul
459 779 559 845 dubio
576 779 676 866 igitur
696 781 868 865 legendum
882 778 1060 868 familia·

47 897 153 964 ribus
176 901 270 975 suis,
304 897 361 983 qui
383 898 510 963 dativus
536 897 730 981 compendio
752 896 922 991 literarum
943 897 1062 962 facilli·

49 1039 108 1082 ma
136 1017 173 1081 in
206 1016 389 1103 genitivum
419 1016 619 1103 singularem
652 1014 741 1080 abire
769 1015 887 1099 potuit.
945 1015 1062 1100 Itaque

50 1135 179 1202 etiamsi
212 1134 328 1201 Lucilii
344 1136 492 1220 aequales
519 1137 610 1200 fuere
643 1135 703 1200 riri
726 1134 773 1199 illi
796 1133 931 1211 literati,
952 1147 1064 1199 tamen

49 1257 145 1321 nullo
180 1257 280 1320 modo
309 1254 534 1321 familiaritate
564 1267 622 1319 aut
649 1253 792 1320 amicitia
819 1254 888 1338 ejus
912 1252 1064 1321 videntur

52 1372 211 1440 floruisse.

98 1493 250 1559 Tandem
261 1494 491 1558 memorandus
508 1504 556 1558 est
568 1490 852 1570 Clitomachus,
866 1492 957 1575 cujus
970 1512 1065 1555 meua

53 1612 182 1679 tionem
200 1611 277 1677 iecit
290 1609 414 1677 Cicero.
443 1609 578 1696 Scripsit
598 1612 704 1678 enim:
729 1611 940 1695 «explicavi,
958 1608 1067 1677 Clito·

54 1728 179 1796 macho
198 1743 349 1807 auctore,
371 1733 538 1816 quomodo
561 1730 621 1795 ista
645 1728 824 1796 Carneades
846 1729 975 1794 diceret.
997 1729 1067 1793 Ac,-

55 1849 149 1934 ἀρε,
177 1850 458 1934 quemadmodum
477 1851 591 1914 eadem
609 1848 759 1914 dicontur
775 1871 796 1913 a
808 1847 1012 1914 Clitomacho
1032 1847 1067 1910 iu

54 1989 96 2034 co
119 1967 228 2047 libro,
247 1989 349 2053 quem
371 1970 413 2032 ad
437 1964 475 2034 C.
488 1967 652 2032 Lucilium
662 1967 788 2052 scripsit
799 1972 947 2051 poetam,
960 1987 1068 2052 quum

54 2085 232 2172 scripsisset
259 2085 373 2151 iisdem
404 2085 565 2151 derebus
596 2088 638 2151 ad
662 2085 701 2151 L.
727 2084 941 2152 Censorinum
966 2107 1068 2164 eum,

57 2205 119 2292 qui
148 2207 260 2272 consul
292 2226 369 2270 cum
403 2203 448 2270 Μ’
472 2203 606 2271 Manilio
629 2205 762 2271 fuist.»
808 2204 980 2292 Permugni
1002 2207 1070 2269 hu-

53 2327 111 2410 jus
129 2323 179 2389 rei
193 2323 360 2388 memoria
390 2338 454 2403 est3
488 2345 606 2390 rerum
633 2346 716 2390 mun
736 2347 803 2411 qua
819 2325 918 2390 luerit
937 2324 1070 2408 utrique

57 2464 94 2509 se
123 2442 267 2509 invicem
289 2442 419 2509 videndi
440 2456 474 2508 ct
502 2446 714 2531 cognoscendi
733 2445 979 2528 opportunitas,
1003 2463 1069 2507 non

58 2561 177 2647 tiques,-
190 2583 269 2627 nam
282 2582 388 2646 neque
400 2561 543 2627 Romam
556 2560 799 2629 Clitomachum
810 2583 917 2647 neque
928 2560 1072 2630 Atheneo

60 2680 229 2747 Lucilium
241 2683 385 2749 delatum
403 2682 497 2746 fuisse
507 2682 730 2768 cognovimus.
754 2678 789 2747 Si
802 2681 883 2745 illud
896 2680 1071 2752 evenisset,

62 2796 145 2864 olari
157 2799 341 2884 philosophi
362 2801 541 2864 adrentum
561 2799 673 2863 literae
685 2798 802 2867 latinae
823 2819 890 2863 non
903 2797 1072 2876 siluissent,

61 2911 151 3004 qius
161 2917 351 3003 aequalium
366 2931 400 2983 et
419 2917 638 2987 recentiorum
656 2917 927 3002 philosophorum
947 2917 1074 2983 Romae

62 3036 359 3107 commorationem
376 3036 585 3103 nunciarunt.
618 3035 822 3122 Quarc,1tisi
844 3049 965 3102 statuas
976 3037 1074 3123 igno·

63 3169 141 3226 tum
153 3155 266 3241 ignoto
284 3156 416 3220 honoris
425 3156 520 3221 causi
533 3156 657 3221 librum
669 3156 789 3222 misisse
801 3157 927 3235 videri,
950 3156 984 3220 in
996 3178 1071 3221 eam

63 3273 255 3359 opinionem
282 3274 478 3340 adducimur
503 3289 542 3340 ut
571 3275 792 3358 suaptioemur,
823 3275 988 3341 Lucilium
1011 3275 1075 3340 uli·-

65 3395 201 3479 quando
230 3393 371 3458 Athenas
402 3393 508 3458 vicisse
529 3393 640 3478 ibique
661 3394 814 3459 ridiculae
827 3394 877 3458 isti
893 3393 1074 3458 salutationi

66 3511 277 3596 praetoriae?-
299 3513 364 3575 634
393 3509 505 3600 (120),
527 3534 630 3598 quam
654 3513 799 3578 carmine
821 3513 951 3588 rotulit,
976 3513 1075 3577 inter-

67 3656 330 3678 -η--ιι-ιι-ι-

104 3754 119 3792 t
155 3739 247 3793 Acar.
267 3736 308 3802 il,
320 3737 365 3800 32,
383 3755 442 3792 ros.
454 3738 585 3806 Suspicor
596 3737 797 3792 Clitomachum
809 3737 973 3809 Carthagine
987 3738 1076 3790 Athe-

69 3851 120 3886 nas
132 3835 286 3902 proiectam
297 3853 353 3888 csse
370 3835 451 3887 initio
461 3836 529 3888 balli
543 3835 637 3889 Punici
647 3836 691 3890 tlt
707 3854 732 3889 a.
750 3835 801 3889 605
815 3839 905 3908 (149),
916 3854 950 3887 us
962 3837 1077 3904 patriam

71 3932 149 3985 hello
169 3941 298 3986 vastatam
318 3933 435 3991 videret.
465 3934 630 3986 incredibile
649 3935 716 3987 'vare
737 3931 835 3999 dictu,
852 3934 905 4000 ipsi
926 3935 1077 3988 Censorino

72 4028 176 4085 librum
187 4032 222 4084 ult
234 4049 266 4085 ro
277 4029 437 4099 inscriptum
453 4049 521 4098 csse,
534 4034 581 4104 qui
598 4033 692 4085 consul
704 4031 771 4086 iilud
786 4032 888 4087 bellurn
899 4035 1076 4087 exornasset!

108 4144 125 4180 a
158 4131 179 4178 1
184 4128 212 4182 d.
230 4129 264 4181 de
277 4130 340 4180 Fin.
360 4129 385 4191 1,
405 4129 431 4193 3,
453 4147 479 4199 9.
