2580 4756
614 378 677 436 232
787 446 789 448 v

186 551 338 638 Quidam
358 553 429 624 ait,
452 554 603 637 ignores
622 555 682 614 te?
707 575 775 629 an,
799 557 1047 641 illigartum,
1070 560 1148 626 dore

1009 678 1108 741 nolis

184 787 221 852 V
220 789 300 851 erbo
323 791 488 873 patosP»
524 787 704 875 «Egomet
723 794 773 852 mi
797 794 964 877 ignosco»
990 794 1146 860 Maenius

975 914 1127 996 inquit.¹

183 1026 325 1091 Stultus
359 1039 390 1090 et
420 1024 601 1111 improbas
633 1028 690 1089 tio
714 1051 813 1090 amor
849 1041 917 1106 est,
955 1030 1143 1119 dignusque

943 1152 1069 1212 notari
1079 1148 1103 1213 ¹.

137 1268 185 1328 Ae
207 1263 337 1328 ridetur
356 1264 502 1345 ineptam
525 1263 616 1326 illam
642 1262 814 1343 φιλαυτίαν
839 1264 984 1328 Lucilius
997 1266 1139 1342 derisisse,

136 1385 226 1465 cujus
262 1385 325 1445 hoo
349 1403 453 1443 unum
482 1394 529 1444 est
551 1385 799 1466 fragmentum:
838 1381 1004 1446 Maenius
1023 1385 1138 1447 oolam·

136 1521 218 1562 nam
237 1521 315 1562 eum
324 1510 467 1585 peteret.
500 1498 757 1574 Maeniusenim,
771 1521 877 1583 quum
889 1503 1134 1577 domumsuam,
1180 1504 1183 1509 ’

138 1638 240 1702 quarn
274 1621 316 1681 ad
345 1621 456 1680 forum
490 1617 649 1692 habebat,
674 1619 813 1682 rendere
836 1632 1012 1702 cogeretur
1035 1618 1135 1684 Catoni

135 1749 168 1798 et
183 1820 185 1825 ἲ
201 1736 317 1800 Flacco
341 1735 531 1806 ,censoribus
564 1758 594 1798 a.
620 1737 684 1799 569
711 1735 828 1822 (184),
852 1737 931 1820 quia
954 1737 1001 1799 ihi
1022 1738 1135 1802 basilica

136 1867 206 1949 erat
226 1855 443 1928 aedificanda,
468 1853 561 1916 unius
585 1857 758 1918 columnae
780 1854 840 1917 sibi
859 1856 989 1937 excepit
1004 1858 1135 1941 jus,su·

135 1995 194 2055 per
217 1993 319 2057 quam
340 1985 466 2035 tectum
491 1971 666 2055 projiceret
688 1993 727 2034 ex
751 1973 1000 2055 provolantibus
1024 1975 1134 2038 tabula·

136 2091 196 2165 tis,
220 2093 307 2154 unde
330 2091 397 2172 ipse
420 2103 453 2154 ot
472 2089 591 2172 posteri
614 2091 682 2172 ejus
705 2102 852 2171 spectare
873 2112 998 2156 munus
1023 2093 1133 2179 gladia,

135 2221 248 2270 torum
271 2220 422 2289 possent,
450 2207 652 2289 quodetiam
674 2220 747 2281 turn
773 2207 807 2269 in
828 2210 901 2270 soro
919 2209 1069 2283 dabatur,
1092 2211 1130 2274 Ex

134 2324 195 2397 illo
208 2323 308 2409 igitur
328 2325 487 2386 solamne
511 2323 654 2389 Maenia
671 2324 841 2389 nominata
862 2335 921 2391 est.
947 2326 1047 2410 Apud
1056 2328 1130 2391 illam

134 2463 199 2506 non
215 2445 321 2515 solum
334 2442 495 2506 debitores
508 2466 526 2507 a
539 2443 753 2509 oreditoribus
770 2444 1059 2528 proserihebantur
1068 2493 1076 2522 ,
1085 2448 1130 2514 sed
1166 2462 1175 2485 ⁰

134 2561 233 2624 etiam
260 2562 347 2623 fures
379 2573 412 2623 et
444 2561 527 2624 servi
560 2582 704 2644 nequam
723 2564 825 2644 ¹apud
848 2563 1040 2629 triumviros
1058 2562 1129 2646 oapi,

134 2661 211 2742 tales
228 2678 337 2761 puniri
361 2678 509 2742 solebant
522 2678 549 2742 ².
571 2679 683 2753 Idem,
710 2679 825 2743 abroso
848 2681 1059 2762 patrimonio,
1072 2680 1128 2752 Cal,

134 2797 295 2862 ianuariis
319 2798 354 2859 in
377 2795 541 2878 Capitolio
562 2800 650 2862 clara
673 2817 751 2861 vooe
775 2798 924 2880 optavit,
948 2813 988 2864 ut
1008 2801 1130 2884 quadra-

133 2916 225 3001 ginta
250 2931 467 2979 nummorum
483 2916 568 2983 aeris,
583 2916 677 2979 alieni
703 2917 862 2993 haberet,
886 2939 944 2995 ae,
969 2931 1127 3004 quaerente

135 3036 300 3120 quodam,
327 3034 406 3117 quid
433 3033 493 3097 sibi
527 3038 642 3109 vellet,
666 3037 756 3119 quod
780 3047 850 3098 tam
873 3036 999 3099 solenni
1018 3037 1128 3100 dieas

135 3151 279 3215 alienum
313 3163 464 3232 optaret,
496 3151 573 3214 noli
608 3155 764 3228 mirari,
800 3153 927 3237 inquit,
966 3157 1126 3244 oetogisto

136 3269 258 3333 holere
278 3266 413 3333 delean
459 3266 534 3352 Quo
558 3270 646 3335 dieto
669 3291 771 3355 quam
793 3273 950 3346 essentei
977 3294 1052 3339 suae
1062 3289 1127 3354 ope

134 3389 263 3467 taedio,
286 3389 359 3454 satis
382 3389 558 3454 declaravit
575 3401 697 3472 aperte.
726 3466 728 3471 y

177 3509 307 3575 Praeter
332 3511 391 3573 hos
422 3508 562 3572 aliorum
588 3498 702 3572 ,eistat
736 3509 770 3584 in
801 3509 931 3575 Lucilii·
952 3505 1126 3597 fragmentis

382 3715 424 3740 ⁶¹⁸!

169 3833 181 3879 r
222 3815 443 3880 sat.1,5,21.

169 3932 185 3967 2
224 3913 469 3976 Soloi-Bab.
492 3917 613 3968 irrorat.
629 3931 664 3986 μ’
686 3916 870 3988 Sert.p0295
890 3914 1052 3971 Eusene.
1084 3929 1095 3943 ··

167 4012 184 4062 5
216 4012 503 4070 Pseudo-,Aeo
534 4015 564 4064 in
589 4013 1126 4093 Divia-16,250.00mm.0mq.r·

134 4105 193 4176 ³52.
225 4109 358 4160 ‚nucia
377 4110 425 4178 fr.
445 4109 499 4161 ino.
523 4107 581 4170 ιοῤ.
