<?xml version="1.0" encoding="UTF-8"?>
<!DOCTYPE html PUBLIC "-//W3C//DTD XHTML 1.0 Transitional//EN"
    "http://www.w3.org/TR/xhtml1/DTD/xhtml1-transitional.dtd">
<html xmlns="http://www.w3.org/1999/xhtml" xml:lang="en" lang="en">
 <head>
  <title>
</title>
<meta http-equiv="Content-Type" content="text/html;charset=utf-8" />
  <meta name='ocr-system' content='tesseract 3.04.00' />
  <meta name='ocr-capabilities' content='ocr_page ocr_carea ocr_par ocr_line ocrx_word'/>
</head>
<body>
  <div class='ocr_page' id='page_1' title='image "./studiacriticain00heusgoog_0184.png"; bbox 0 0 2580 4756; ppageno 0'>
   <div class='ocr_carea' id='block_1_1' title="bbox 132 276 1156 2283">
    <p class='ocr_par' dir='ltr' id='par_1_1' title="bbox 930 276 1016 350">
     <span class='ocr_line' id='line_1_1' title="bbox 930 276 1016 350; baseline -0.012 -34"><span class='ocrx_word' id='word_1_1' title='bbox 930 276 1016 350; x_wconf 24' lang='grc' dir='ltr'><strong>,κά-ἰᾷ.</strong></span> 
     </span>
    </p>

    <p class='ocr_par' dir='ltr' id='par_1_2' title="bbox 132 334 1156 2283">
     <span class='ocr_line' id='line_1_2' title="bbox 607 334 997 436; baseline 0.005 -2"><span class='ocrx_word' id='word_1_2' title='bbox 607 371 668 436; x_wconf 78' lang='lat' dir='ltr'><strong>us</strong></span> <span class='ocrx_word' id='word_1_3' title='bbox 953 334 997 370; x_wconf 58' lang='lat'><strong>‘²&#39;</strong></span> 
     </span>
     <span class='ocr_line' id='line_1_3' title="bbox 136 540 1146 633; baseline -0.001 -21"><span class='ocrx_word' id='word_1_4' title='bbox 136 549 174 613; x_wconf 89' lang='lat' dir='ltr'><strong>lit</strong></span> <span class='ocrx_word' id='word_1_5' title='bbox 206 540 346 615; x_wconf 81' lang='lat' dir='ltr'><strong>Lucilius</strong></span> <span class='ocrx_word' id='word_1_6' title='bbox 372 551 405 611; x_wconf 90' lang='lat' dir='ltr'><strong>in</strong></span> <span class='ocrx_word' id='word_1_7' title='bbox 429 569 464 610; x_wconf 86' lang='lat' dir='ltr'><strong>re</strong></span> <span class='ocrx_word' id='word_1_8' title='bbox 499 548 591 633; x_wconf 78' lang='lat' dir='ltr'><strong>gravi</strong></span> <span class='ocrx_word' id='word_1_9' title='bbox 622 562 654 611; x_wconf 90' lang='lat' dir='ltr'><strong>et</strong></span> <span class='ocrx_word' id='word_1_10' title='bbox 687 549 823 610; x_wconf 81' lang='lat' dir='ltr'><strong>maximi</strong></span> <span class='ocrx_word' id='word_1_11' title='bbox 855 543 1035 622; x_wconf 82' lang='lat' dir='ltr'>momenti,</span> <span class='ocrx_word' id='word_1_12' title='bbox 1063 568 1146 631; x_wconf 83' lang='lat' dir='ltr'><strong>quae</strong></span> 
     </span>
     <span class='ocr_line' id='line_1_4' title="bbox 136 665 1146 753; baseline -0.001 -24"><span class='ocrx_word' id='word_1_13' title='bbox 136 670 284 753; x_wconf 72' lang='lat' dir='ltr'><strong>neglecta</strong></span> <span class='ocrx_word' id='word_1_14' title='bbox 307 679 402 730; x_wconf 87' lang='lat' dir='ltr'><strong>antea</strong></span> <span class='ocrx_word' id='word_1_15' title='bbox 421 667 576 749; x_wconf 57' lang='lat' dir='ltr'><strong>jacuerat,</strong></span> <span class='ocrx_word' id='word_1_16' title='bbox 602 665 645 728; x_wconf 90' lang='lat' dir='ltr'><strong>Et</strong></span> <span class='ocrx_word' id='word_1_17' title='bbox 668 667 864 748; x_wconf 78' lang='lat' dir='ltr'><strong>praecepisse</strong></span> <span class='ocrx_word' id='word_1_18' title='bbox 881 665 1015 748; x_wconf 88' lang='lat' dir='ltr'><strong>quidem</strong></span> <span class='ocrx_word' id='word_1_19' title='bbox 1036 667 1146 729; x_wconf 91' lang='lat' dir='ltr'><strong>deor-</strong></span> 
     </span>
     <span class='ocr_line' id='line_1_5' title="bbox 134 781 1147 868; baseline 0 -21"><span class='ocrx_word' id='word_1_20' title='bbox 134 784 332 868; x_wconf 73' lang='lat' dir='ltr'><strong>thographia</strong></span> <span class='ocrx_word' id='word_1_21' title='bbox 355 805 431 846; x_wconf 92' lang='lat' dir='ltr'><strong>eum</strong></span> <span class='ocrx_word' id='word_1_22' title='bbox 452 782 627 865; x_wconf 81' lang='lat' dir='ltr'><strong>accipimus</strong></span> <span class='ocrx_word' id='word_1_23' title='bbox 641 782 666 848; x_wconf 80' lang='lat'><strong>¹.</strong></span> <span class='ocrx_word' id='word_1_24' title='bbox 712 781 916 846; x_wconf 86' lang='lat' dir='ltr'><strong>Memoratur</strong></span> <span class='ocrx_word' id='word_1_25' title='bbox 938 783 1019 847; x_wconf 91' lang='lat' dir='ltr'><strong>item</strong></span> <span class='ocrx_word' id='word_1_26' title='bbox 1042 781 1147 867; x_wconf 69' lang='lat' dir='ltr'><strong>Quiu-</strong></span> 
     </span>
     <span class='ocr_line' id='line_1_6' title="bbox 132 900 1148 984; baseline 0.001 -21"><span class='ocrx_word' id='word_1_27' title='bbox 132 900 250 963; x_wconf 86' lang='lat' dir='ltr'><strong>tiliano</strong></span> <span class='ocrx_word' id='word_1_28' title='bbox 279 901 394 963; x_wconf 87' lang='lat' dir='ltr'><strong>Lucilii</strong></span> <span class='ocrx_word' id='word_1_29' title='bbox 421 903 461 964; x_wconf 91' lang='lat' dir='ltr'><strong>de</strong></span> <span class='ocrx_word' id='word_1_30' title='bbox 494 903 669 962; x_wconf 80' lang='lat' dir='ltr'><strong>formando</strong></span> <span class='ocrx_word' id='word_1_31' title='bbox 692 901 811 982; x_wconf 76' lang='lat' dir='ltr'><strong>plurali</strong></span> <span class='ocrx_word' id='word_1_32' title='bbox 839 922 978 964; x_wconf 87' lang='lat' dir='ltr'><strong>numero</strong></span> <span class='ocrx_word' id='word_1_33' title='bbox 994 922 1148 984; x_wconf 86' lang='lat' dir='ltr'><strong>praecep-</strong></span> 
     </span>
     <span class='ocr_line' id='line_1_7' title="bbox 134 1016 1149 1102; baseline 0.003 -23"><span class='ocrx_word' id='word_1_34' title='bbox 134 1029 236 1092; x_wconf 84' lang='lat' dir='ltr'><strong>tum,</strong></span> <span class='ocrx_word' id='word_1_35' title='bbox 260 1020 349 1100; x_wconf 92' lang='lat' dir='ltr'><strong>quod</strong></span> <span class='ocrx_word' id='word_1_36' title='bbox 372 1019 449 1102; x_wconf 89' lang='lat' dir='ltr'><strong>quia</strong></span> <span class='ocrx_word' id='word_1_37' title='bbox 472 1017 621 1099; x_wconf 91' lang='lat' dir='ltr'><strong>pluribus</strong></span> <span class='ocrx_word' id='word_1_38' title='bbox 639 1016 837 1099; x_wconf 83' lang='lat' dir='ltr'><strong>explicatum</strong></span> <span class='ocrx_word' id='word_1_39' title='bbox 852 1030 931 1080; x_wconf 87' lang='lat' dir='ltr'><strong>esset</strong></span> <span class='ocrx_word' id='word_1_40' title='bbox 948 1018 991 1080; x_wconf 89' lang='lat' dir='ltr'><strong>ab</strong></span> <span class='ocrx_word' id='word_1_41' title='bbox 1015 1039 1054 1080; x_wconf 91' lang='lat' dir='ltr'><strong>eo</strong></span> <span class='ocrx_word' id='word_1_42' title='bbox 1077 1041 1149 1082; x_wconf 85' lang='lat' dir='ltr'><strong>ver-</strong></span> 
     </span>
     <span class='ocr_line' id='line_1_8' title="bbox 132 1135 1151 1218; baseline 0.001 -20"><span class='ocrx_word' id='word_1_43' title='bbox 132 1135 251 1211; x_wconf 81' lang='lat' dir='ltr'><strong>sibus,</strong></span> <span class='ocrx_word' id='word_1_44' title='bbox 285 1138 372 1217; x_wconf 88' lang='lat' dir='ltr'><strong>apud</strong></span> <span class='ocrx_word' id='word_1_45' title='bbox 408 1157 484 1198; x_wconf 91' lang='lat' dir='ltr'><strong>eum</strong></span> <span class='ocrx_word' id='word_1_46' title='bbox 510 1135 632 1218; x_wconf 84' lang='lat' dir='ltr'><strong>requiri</strong></span> <span class='ocrx_word' id='word_1_47' title='bbox 662 1135 696 1197; x_wconf 90' lang='lat' dir='ltr'><strong>in</strong></span> <span class='ocrx_word' id='word_1_48' title='bbox 716 1154 804 1198; x_wconf 90' lang='lat' dir='ltr'><strong>nono</strong></span> <span class='ocrx_word' id='word_1_49' title='bbox 821 1135 905 1198; x_wconf 91' lang='lat' dir='ltr'><strong>libro</strong></span> <span class='ocrx_word' id='word_1_50' title='bbox 925 1135 1067 1203; x_wconf 67' lang='lat' dir='ltr'><strong>voluitt.</strong></span> <span class='ocrx_word' id='word_1_51' title='bbox 1112 1136 1151 1199; x_wconf 90' lang='lat' dir='ltr'><strong>In</strong></span> 
     </span>
     <span class='ocr_line' id='line_1_9' title="bbox 133 1251 1151 1338; baseline 0.001 -23"><span class='ocrx_word' id='word_1_52' title='bbox 133 1273 180 1316; x_wconf 84' lang='lat' dir='ltr'><strong>eo</strong></span> <span class='ocrx_word' id='word_1_53' title='bbox 200 1266 311 1317; x_wconf 86' lang='lat' dir='ltr'><strong>autem</strong></span> <span class='ocrx_word' id='word_1_54' title='bbox 331 1252 533 1336; x_wconf 87' lang='lat' dir='ltr'><strong>disputatum</strong></span> <span class='ocrx_word' id='word_1_55' title='bbox 552 1253 615 1315; x_wconf 80' lang='lat' dir='ltr'><strong>tuit</strong></span> <span class='ocrx_word' id='word_1_56' title='bbox 626 1255 666 1315; x_wconf 92' lang='lat' dir='ltr'><strong>de</strong></span> <span class='ocrx_word' id='word_1_57' title='bbox 678 1251 812 1338; x_wconf 73' lang='lat' dir='ltr'><strong>singulis</strong></span> <span class='ocrx_word' id='word_1_58' title='bbox 824 1251 923 1315; x_wconf 86' lang='lat' dir='ltr'><strong>literis</strong></span> <span class='ocrx_word' id='word_1_59' title='bbox 936 1251 964 1326; x_wconf 82' lang='lat'><strong>³,</strong></span> <span class='ocrx_word' id='word_1_60' title='bbox 988 1253 1151 1321; x_wconf 83' lang='lat' dir='ltr'><strong>vocalibus</strong></span> 
     </span>
     <span class='ocr_line' id='line_1_10' title="bbox 132 1371 1152 1456; baseline 0.001 -23"><span class='ocrx_word' id='word_1_61' title='bbox 132 1383 171 1434; x_wconf 84' lang='lat' dir='ltr'><strong>et</strong></span> <span class='ocrx_word' id='word_1_62' title='bbox 206 1371 475 1447; x_wconf 84' lang='lat' dir='ltr'><strong>consonantibus,</strong></span> <span class='ocrx_word' id='word_1_63' title='bbox 510 1372 550 1432; x_wconf 91' lang='lat' dir='ltr'><strong>dc</strong></span> <span class='ocrx_word' id='word_1_64' title='bbox 579 1371 810 1456; x_wconf 77' lang='lat' dir='ltr'><strong>diphthongis,</strong></span> <span class='ocrx_word' id='word_1_65' title='bbox 845 1372 885 1433; x_wconf 91' lang='lat' dir='ltr'><strong>de</strong></span> <span class='ocrx_word' id='word_1_66' title='bbox 916 1371 1152 1437; x_wconf 80' lang='lat' dir='ltr'><strong>vocabulorum</strong></span> 
     </span>
     <span class='ocr_line' id='line_1_11' title="bbox 136 1487 1151 1571; baseline 0.003 -21"><span class='ocrx_word' id='word_1_67' title='bbox 136 1489 367 1551; x_wconf 47' lang='lat' dir='ltr'><strong>declinatione*</strong></span> <span class='ocrx_word' id='word_1_68' title='bbox 386 1487 543 1571; x_wconf 89' lang='lat' dir='ltr'><strong>aliisque,</strong></span> <span class='ocrx_word' id='word_1_69' title='bbox 573 1508 656 1571; x_wconf 90' lang='lat' dir='ltr'><strong>quae</strong></span> <span class='ocrx_word' id='word_1_70' title='bbox 673 1489 739 1550; x_wconf 91' lang='lat' dir='ltr'><strong>huc</strong></span> <span class='ocrx_word' id='word_1_71' title='bbox 753 1489 925 1570; x_wconf 88' lang='lat' dir='ltr'><strong>pertinere</strong></span> <span class='ocrx_word' id='word_1_72' title='bbox 948 1502 1151 1554; x_wconf 77' lang='lat' dir='ltr'><strong>censeantur.</strong></span> 
     </span>
     <span class='ocr_line' id='line_1_12' title="bbox 137 1604 1152 1689; baseline 0.003 -22"><span class='ocrx_word' id='word_1_73' title='bbox 137 1605 226 1668; x_wconf 82' lang='lat' dir='ltr'><strong>Hinc</strong></span> <span class='ocrx_word' id='word_1_74' title='bbox 251 1604 428 1669; x_wconf 86' lang='lat' dir='ltr'><strong>existimari</strong></span> <span class='ocrx_word' id='word_1_75' title='bbox 458 1605 579 1686; x_wconf 90' lang='lat' dir='ltr'><strong>poterit</strong></span> <span class='ocrx_word' id='word_1_76' title='bbox 596 1607 636 1668; x_wconf 90' lang='lat' dir='ltr'><strong>de</strong></span> <span class='ocrx_word' id='word_1_77' title='bbox 655 1606 752 1688; x_wconf 92' lang='lat' dir='ltr'><strong>hujus</strong></span> <span class='ocrx_word' id='word_1_78' title='bbox 769 1605 844 1667; x_wconf 89' lang='lat' dir='ltr'><strong>libri</strong></span> <span class='ocrx_word' id='word_1_79' title='bbox 869 1605 962 1687; x_wconf 92' lang='lat' dir='ltr'><strong>copia</strong></span> <span class='ocrx_word' id='word_1_80' title='bbox 980 1618 1014 1670; x_wconf 86' lang='lat' dir='ltr'><strong>et</strong></span> <span class='ocrx_word' id='word_1_81' title='bbox 1035 1606 1152 1689; x_wconf 88' lang='lat' dir='ltr'><strong>ampli·</strong></span> 
     </span>
     <span class='ocr_line' id='line_1_13' title="bbox 137 1723 1153 1806; baseline 0 -20"><span class='ocrx_word' id='word_1_82' title='bbox 137 1724 275 1799; x_wconf 88' lang='lat' dir='ltr'><strong>tudine,</strong></span> <span class='ocrx_word' id='word_1_83' title='bbox 298 1723 471 1806; x_wconf 90' lang='lat' dir='ltr'><strong>quoniam,</strong></span> <span class='ocrx_word' id='word_1_84' title='bbox 495 1743 579 1806; x_wconf 89' lang='lat' dir='ltr'><strong>quae</strong></span> <span class='ocrx_word' id='word_1_85' title='bbox 595 1723 744 1804; x_wconf 88' lang='lat' dir='ltr'><strong>primum</strong></span> <span class='ocrx_word' id='word_1_86' title='bbox 757 1735 997 1800; x_wconf 82' lang='lat' dir='ltr'><strong>tractarentur,</strong></span> <span class='ocrx_word' id='word_1_87' title='bbox 1019 1724 1067 1787; x_wconf 90' lang='lat' dir='ltr'><strong>his</strong></span> <span class='ocrx_word' id='word_1_88' title='bbox 1079 1724 1153 1787; x_wconf 90' lang='lat' dir='ltr'><strong>bre-</strong></span> 
     </span>
     <span class='ocr_line' id='line_1_14' title="bbox 138 1837 1154 1926; baseline 0.001 -21"><span class='ocrx_word' id='word_1_89' title='bbox 138 1842 223 1906; x_wconf 82' lang='lat' dir='ltr'><strong>viter</strong></span> <span class='ocrx_word' id='word_1_90' title='bbox 244 1841 380 1926; x_wconf 72' lang='lat' dir='ltr'><strong>defungi</strong></span> <span class='ocrx_word' id='word_1_91' title='bbox 403 1845 501 1922; x_wconf 74' lang='lat' dir='ltr'><strong>poeta</strong></span> <span class='ocrx_word' id='word_1_92' title='bbox 519 1858 586 1903; x_wconf 90' lang='lat' dir='ltr'><strong>non</strong></span> <span class='ocrx_word' id='word_1_93' title='bbox 606 1851 744 1921; x_wconf 88' lang='lat' dir='ltr'><strong>poterat.</strong></span> <span class='ocrx_word' id='word_1_94' title='bbox 790 1837 870 1922; x_wconf 86' lang='lat' dir='ltr'><strong>Quis</strong></span> <span class='ocrx_word' id='word_1_95' title='bbox 894 1853 1004 1902; x_wconf 88' lang='lat' dir='ltr'><strong>autern</strong></span> <span class='ocrx_word' id='word_1_96' title='bbox 1024 1843 1091 1925; x_wconf 90' lang='lat' dir='ltr'><strong>ejus</strong></span> <span class='ocrx_word' id='word_1_97' title='bbox 1112 1843 1154 1906; x_wconf 87' lang='lat' dir='ltr'><strong>ti-</strong></span> 
     </span>
     <span class='ocr_line' id='line_1_15' title="bbox 139 1954 1152 2040; baseline 0.002 -18"><span class='ocrx_word' id='word_1_98' title='bbox 139 1962 229 2022; x_wconf 89' lang='lat' dir='ltr'><strong>tulus</strong></span> <span class='ocrx_word' id='word_1_99' title='bbox 250 1957 372 2031; x_wconf 86' lang='lat' dir='ltr'><strong>suerit,</strong></span> <span class='ocrx_word' id='word_1_100' title='bbox 408 1956 598 2020; x_wconf 82' lang='lat' dir='ltr'><strong>ridendum.</strong></span> <span class='ocrx_word' id='word_1_101' title='bbox 644 1954 813 2018; x_wconf 87' lang='lat' dir='ltr'><strong>Nonnullis</strong></span> <span class='ocrx_word' id='word_1_102' title='bbox 832 1957 986 2038; x_wconf 89' lang='lat' dir='ltr'><strong>suspicari</strong></span> <span class='ocrx_word' id='word_1_103' title='bbox 1008 1959 1152 2040; x_wconf 87' lang='lat' dir='ltr'><strong>placuit,</strong></span> 
     </span>
     <span class='ocr_line' id='line_1_16' title="bbox 138 2071 1156 2161; baseline 0.005 -23"><span class='ocrx_word' id='word_1_104' title='bbox 138 2072 338 2154; x_wconf 89' lang='lat' dir='ltr'><strong>inscriptum</strong></span> <span class='ocrx_word' id='word_1_105' title='bbox 362 2093 427 2135; x_wconf 89' lang='lat' dir='ltr'><strong>are</strong></span> <span class='ocrx_word' id='word_1_106' title='bbox 448 2072 544 2136; x_wconf 85' lang='lat' dir='ltr'><strong>fuisse</strong></span> <span class='ocrx_word' id='word_1_107' title='bbox 564 2071 906 2160; x_wconf 63' lang='lat' dir='ltr'><strong>orthographiam,</strong></span> <span class='ocrx_word' id='word_1_108' title='bbox 929 2095 1072 2161; x_wconf 89' lang='lat' dir='ltr'><strong>quorum</strong></span> <span class='ocrx_word' id='word_1_109' title='bbox 1084 2100 1156 2143; x_wconf 88' lang='lat' dir='ltr'><strong>sen-</strong></span> 
     </span>
     <span class='ocr_line' id='line_1_17' title="bbox 139 2182 1156 2283; baseline 0.008 -29"><span class='ocrx_word' id='word_1_110' title='bbox 139 2191 260 2254; x_wconf 88' lang='lat' dir='ltr'><strong>tentiae</strong></span> <span class='ocrx_word' id='word_1_111' title='bbox 285 2203 372 2253; x_wconf 86' lang='lat' dir='ltr'><strong>certa</strong></span> <span class='ocrx_word' id='word_1_112' title='bbox 389 2192 429 2253; x_wconf 86' lang='lat' dir='ltr'><strong>de</strong></span> <span class='ocrx_word' id='word_1_113' title='bbox 449 2210 543 2254; x_wconf 87' lang='lat' dir='ltr'><strong>causa</strong></span> <span class='ocrx_word' id='word_1_114' title='bbox 566 2193 717 2256; x_wconf 79' lang='lat' dir='ltr'><strong>accedere</strong></span> <span class='ocrx_word' id='word_1_115' title='bbox 731 2213 798 2257; x_wconf 90' lang='lat' dir='ltr'><strong>non</strong></span> <span class='ocrx_word' id='word_1_116' title='bbox 818 2214 959 2276; x_wconf 87' lang='lat' dir='ltr'><strong>possum.</strong></span> <span class='ocrx_word' id='word_1_117' title='bbox 1005 2182 1156 2283; x_wconf 84' lang='lat' dir='ltr'><strong>Namque</strong></span> 
     </span>
    </p>
   </div>
   <div class='ocr_carea' id='block_1_2' title="bbox 141 2307 1154 2400">
    <p class='ocr_par' dir='ltr' id='par_1_3' title="bbox 141 2307 1154 2400">
     <span class='ocr_line' id='line_1_18' title="bbox 141 2307 1154 2400; baseline 0.01 -29"><span class='ocrx_word' id='word_1_118' title='bbox 141 2313 223 2372; x_wconf 87' lang='lat' dir='ltr'><strong>haec</strong></span> <span class='ocrx_word' id='word_1_119' title='bbox 238 2311 421 2371; x_wconf 87' lang='lat' dir='ltr'><strong>tradentem</strong></span> <span class='ocrx_word' id='word_1_120' title='bbox 439 2308 616 2390; x_wconf 88' lang='lat' dir='ltr'><strong>accipimus</strong></span> <span class='ocrx_word' id='word_1_121' title='bbox 630 2307 836 2374; x_wconf 88' lang='lat' dir='ltr'><strong>Arnobium:</strong></span> <span class='ocrx_word' id='word_1_122' title='bbox 863 2313 1006 2392; x_wconf 89' lang='lat' dir='ltr'><strong>«Unde,</strong></span> <span class='ocrx_word' id='word_1_123' title='bbox 1019 2337 1154 2400; x_wconf 78' lang='lat' dir='ltr'><strong>quaem,</strong></span> 
     </span>
    </p>
   </div>
   <div class='ocr_carea' id='block_1_3' title="bbox 141 2421 1156 2627">
    <p class='ocr_par' dir='ltr' id='par_1_4' title="bbox 141 2421 1156 2627">
     <span class='ocr_line' id='line_1_19' title="bbox 141 2421 1156 2514; baseline 0.008 -25"><span class='ocrx_word' id='word_1_124' title='bbox 141 2438 190 2489; x_wconf 88' lang='lat' dir='ltr'><strong>est</strong></span> <span class='ocrx_word' id='word_1_125' title='bbox 210 2425 299 2489; x_wconf 82' lang='lat' dir='ltr'><strong>vohis</strong></span> <span class='ocrx_word' id='word_1_126' title='bbox 314 2421 514 2514; x_wconf 78' lang='lat' dir='ltr'><strong>(gentilibus)</strong></span> <span class='ocrx_word' id='word_1_127' title='bbox 530 2438 661 2489; x_wconf 90' lang='lat' dir='ltr'><strong>tantum</strong></span> <span class='ocrx_word' id='word_1_128' title='bbox 678 2428 851 2508; x_wconf 81' lang='lat' dir='ltr'><strong>sapientiae</strong></span> <span class='ocrx_word' id='word_1_129' title='bbox 861 2433 1048 2496; x_wconf 84' lang='lat' dir='ltr'><strong>traditum?</strong></span> <span class='ocrx_word' id='word_1_130' title='bbox 1070 2437 1156 2497; x_wconf 88' lang='lat' dir='ltr'><strong>unde</strong></span> 
     </span>
     <span class='ocr_line' id='line_1_20' title="bbox 141 2541 1156 2627; baseline 0.007 -21"><span class='ocrx_word' id='word_1_131' title='bbox 141 2541 301 2606; x_wconf 89' lang='lat' dir='ltr'><strong>acuminis</strong></span> <span class='ocrx_word' id='word_1_132' title='bbox 313 2555 346 2604; x_wconf 91' lang='lat' dir='ltr'><strong>et</strong></span> <span class='ocrx_word' id='word_1_133' title='bbox 368 2541 546 2605; x_wconf 82' lang='lat' dir='ltr'><strong>vivacitatis</strong></span> <span class='ocrx_word' id='word_1_134' title='bbox 560 2541 713 2604; x_wconf 79' lang='lat' dir='ltr'><strong>tentum?</strong></span> <span class='ocrx_word' id='word_1_135' title='bbox 737 2547 789 2606; x_wconf 86' lang='lat' dir='ltr'><strong>vel</strong></span> <span class='ocrx_word' id='word_1_136' title='bbox 808 2565 846 2606; x_wconf 85' lang='lat' dir='ltr'><strong>ex</strong></span> <span class='ocrx_word' id='word_1_137' title='bbox 867 2546 986 2627; x_wconf 90' lang='lat' dir='ltr'><strong>quibus</strong></span> <span class='ocrx_word' id='word_1_138' title='bbox 1005 2549 1156 2613; x_wconf 84' lang='lat' dir='ltr'><strong>scientiae</strong></span> 
     </span>
    </p>
   </div>
   <div class='ocr_carea' id='block_1_4' title="bbox 139 2658 1233 3581">
    <p class='ocr_par' dir='ltr' id='par_1_5' title="bbox 139 2658 1233 3581">
     <span class='ocr_line' id='line_1_21' title="bbox 140 2658 1156 2742; baseline 0.006 -19"><span class='ocrx_word' id='word_1_139' title='bbox 140 2660 316 2742; x_wconf 86' lang='lat' dir='ltr'><strong>disciplinis</strong></span> <span class='ocrx_word' id='word_1_140' title='bbox 333 2672 464 2723; x_wconf 88' lang='lat' dir='ltr'><strong>tantum</strong></span> <span class='ocrx_word' id='word_1_141' title='bbox 477 2658 580 2723; x_wconf 88' lang='lat' dir='ltr'><strong>cordis</strong></span> <span class='ocrx_word' id='word_1_142' title='bbox 593 2679 774 2735; x_wconf 85' lang='lat' dir='ltr'><strong>assumere,</strong></span> <span class='ocrx_word' id='word_1_143' title='bbox 797 2661 1001 2726; x_wconf 81' lang='lat' dir='ltr'><strong>divinationis</strong></span> <span class='ocrx_word' id='word_1_144' title='bbox 1026 2677 1156 2729; x_wconf 81' lang='lat' dir='ltr'><strong>tantum</strong></span> 
     </span>
     <span class='ocr_line' id='line_1_22' title="bbox 144 2773 1157 2861; baseline 0.007 -21"><span class='ocrx_word' id='word_1_145' title='bbox 144 2777 292 2859; x_wconf 89' lang='lat' dir='ltr'><strong>potuistis</strong></span> <span class='ocrx_word' id='word_1_146' title='bbox 315 2775 477 2841; x_wconf 81' lang='lat' dir='ltr'><strong>haurire?</strong></span> <span class='ocrx_word' id='word_1_147' title='bbox 502 2773 592 2858; x_wconf 55' lang='lat' dir='ltr'><strong>Quia¹</strong></span> <span class='ocrx_word' id='word_1_148' title='bbox 611 2796 671 2856; x_wconf 88' lang='lat' dir='ltr'><strong>per</strong></span> <span class='ocrx_word' id='word_1_149' title='bbox 689 2796 777 2838; x_wconf 87' lang='lat' dir='ltr'><strong>casus</strong></span> <span class='ocrx_word' id='word_1_150' title='bbox 789 2789 823 2840; x_wconf 89' lang='lat' dir='ltr'><strong>et</strong></span> <span class='ocrx_word' id='word_1_151' title='bbox 834 2790 984 2861; x_wconf 88' lang='lat' dir='ltr'><strong>tempora</strong></span> <span class='ocrx_word' id='word_1_152' title='bbox 995 2782 1157 2847; x_wconf 86' lang='lat' dir='ltr'><strong>declinare</strong></span> 
     </span>
     <span class='ocr_line' id='line_1_23' title="bbox 143 2890 1158 2976; baseline 0.008 -18"><span class='ocrx_word' id='word_1_153' title='bbox 143 2894 245 2959; x_wconf 86' lang='lat' dir='ltr'><strong>verba</strong></span> <span class='ocrx_word' id='word_1_154' title='bbox 264 2894 349 2957; x_wconf 84' lang='lat' dir='ltr'><strong>scitis</strong></span> <span class='ocrx_word' id='word_1_155' title='bbox 373 2905 405 2955; x_wconf 90' lang='lat' dir='ltr'><strong>et</strong></span> <span class='ocrx_word' id='word_1_156' title='bbox 425 2890 584 2955; x_wconf 83' lang='lat' dir='ltr'><strong>nomina?</strong></span> <span class='ocrx_word' id='word_1_157' title='bbox 616 2892 694 2976; x_wconf 88' lang='lat' dir='ltr'><strong>quia</strong></span> <span class='ocrx_word' id='word_1_158' title='bbox 717 2912 809 2958; x_wconf 86' lang='lat' dir='ltr'><strong>voces</strong></span> <span class='ocrx_word' id='word_1_159' title='bbox 837 2895 991 2962; x_wconf 85' lang='lat' dir='ltr'><strong>barbaras</strong></span> <span class='ocrx_word' id='word_1_160' title='bbox 1012 2903 1158 2967; x_wconf 86' lang='lat' dir='ltr'><strong>soloecis-</strong></span> 
     </span>
     <span class='ocr_line' id='line_1_24' title="bbox 144 3008 1157 3094; baseline 0.008 -18"><span class='ocrx_word' id='word_1_161' title='bbox 144 3032 281 3094; x_wconf 87' lang='lat' dir='ltr'><strong>mosque</strong></span> <span class='ocrx_word' id='word_1_162' title='bbox 303 3008 435 3073; x_wconf 77' lang='lat' dir='ltr'><strong>vitare?</strong></span> <span class='ocrx_word' id='word_1_163' title='bbox 469 3009 548 3094; x_wconf 87' lang='lat' dir='ltr'><strong>quia</strong></span> <span class='ocrx_word' id='word_1_164' title='bbox 568 3031 785 3075; x_wconf 87' lang='lat' dir='ltr'><strong>numerosum</strong></span> <span class='ocrx_word' id='word_1_165' title='bbox 802 3026 834 3076; x_wconf 88' lang='lat' dir='ltr'><strong>et</strong></span> <span class='ocrx_word' id='word_1_166' title='bbox 850 3013 1048 3081; x_wconf 89' lang='lat' dir='ltr'><strong>instructum</strong></span> <span class='ocrx_word' id='word_1_167' title='bbox 1068 3039 1157 3084; x_wconf 90' lang='lat' dir='ltr'><strong>com-</strong></span> 
     </span>
     <span class='ocr_line' id='line_1_25' title="bbox 142 3128 1160 3214; baseline 0.01 -21"><span class='ocrx_word' id='word_1_168' title='bbox 142 3131 355 3213; x_wconf 90' lang='lat' dir='ltr'><strong>positumque</strong></span> <span class='ocrx_word' id='word_1_169' title='bbox 378 3148 563 3193; x_wconf 85' lang='lat' dir='ltr'><strong>sermonem</strong></span> <span class='ocrx_word' id='word_1_170' title='bbox 587 3142 645 3193; x_wconf 89' lang='lat' dir='ltr'><strong>aut</strong></span> <span class='ocrx_word' id='word_1_171' title='bbox 666 3128 725 3212; x_wconf 85' lang='lat' dir='ltr'><strong>ipsi</strong></span> <span class='ocrx_word' id='word_1_172' title='bbox 747 3151 802 3196; x_wconf 88' lang='lat' dir='ltr'><strong>vos</strong></span> <span class='ocrx_word' id='word_1_173' title='bbox 824 3132 922 3198; x_wconf 88' lang='lat' dir='ltr'><strong>nostis</strong></span> <span class='ocrx_word' id='word_1_174' title='bbox 942 3137 1078 3214; x_wconf 78' lang='lat' dir='ltr'><strong>efferre,</strong></span> <span class='ocrx_word' id='word_1_175' title='bbox 1102 3153 1160 3203; x_wconf 88' lang='lat' dir='ltr'><strong>aut</strong></span> 
     </span>
     <span class='ocr_line' id='line_1_26' title="bbox 144 3248 1158 3334; baseline 0.013 -24"><span class='ocrx_word' id='word_1_176' title='bbox 144 3249 332 3330; x_wconf 89' lang='lat' dir='ltr'><strong>incomptus</strong></span> <span class='ocrx_word' id='word_1_177' title='bbox 353 3268 432 3311; x_wconf 89' lang='lat' dir='ltr'><strong>cum</strong></span> <span class='ocrx_word' id='word_1_178' title='bbox 455 3248 574 3325; x_wconf 84' lang='lat' dir='ltr'><strong>fuerit,</strong></span> <span class='ocrx_word' id='word_1_179' title='bbox 597 3248 704 3312; x_wconf 81' lang='lat' dir='ltr'><strong>scire?</strong></span> <span class='ocrx_word' id='word_1_180' title='bbox 728 3249 807 3334; x_wconf 84' lang='lat' dir='ltr'><strong>quia</strong></span> <span class='ocrx_word' id='word_1_181' title='bbox 822 3251 849 3317; x_wconf 90' lang='lat' dir='ltr'><strong>F</strong></span> <span class='ocrx_word' id='word_1_182' title='bbox 851 3251 999 3318; x_wconf 88' lang='lat' dir='ltr'><strong>ornicem</strong></span> <span class='ocrx_word' id='word_1_183' title='bbox 1016 3256 1158 3323; x_wconf 87' lang='lat' dir='ltr'><strong>Lucilia-</strong></span> 
     </span>
     <span class='ocr_line' id='line_1_27' title="bbox 141 3363 1159 3453; baseline 0.011 -25"><span class='ocrx_word' id='word_1_184' title='bbox 141 3386 228 3428; x_wconf 84' lang='lat' dir='ltr'><strong>num</strong></span> <span class='ocrx_word' id='word_1_185' title='bbox 247 3378 281 3428; x_wconf 91' lang='lat' dir='ltr'><strong>et</strong></span> <span class='ocrx_word' id='word_1_186' title='bbox 297 3363 461 3450; x_wconf 70' lang='lat' dir='ltr'><strong>Marsyam</strong></span> <span class='ocrx_word' id='word_1_187' title='bbox 481 3363 655 3448; x_wconf 86' lang='lat' dir='ltr'><strong>Pomponii</strong></span> <span class='ocrx_word' id='word_1_188' title='bbox 672 3366 887 3453; x_wconf 74' lang='lat' dir='ltr'><strong>obsignatum</strong></span> <span class='ocrx_word' id='word_1_189' title='bbox 904 3371 1065 3436; x_wconf 68' lang='lat' dir='ltr'><strong>memoria</strong></span> <span class='ocrx_word' id='word_1_190' title='bbox 1077 3395 1159 3439; x_wconf 89' lang='lat' dir='ltr'><strong>con-</strong></span> 
     </span>
     <span class='ocr_line' id='line_1_28' title="bbox 139 3472 1233 3581; baseline 0.008 -33"><span class='ocrx_word' id='word_1_191' title='bbox 139 3472 279 3548; x_wconf 74' lang='lat' dir='ltr'><strong>tinetis?</strong></span> <span class='ocrx_word' id='word_1_192' title='bbox 296 3483 373 3566; x_wconf 87' lang='lat' dir='ltr'><strong>quie</strong></span> <span class='ocrx_word' id='word_1_193' title='bbox 386 3528 395 3556; x_wconf 92' lang='lat'><strong>,</strong></span> <span class='ocrx_word' id='word_1_194' title='bbox 410 3504 494 3567; x_wconf 88' lang='lat' dir='ltr'><strong>quae</strong></span> <span class='ocrx_word' id='word_1_195' title='bbox 513 3483 577 3547; x_wconf 86' lang='lat' dir='ltr'><strong>sint</strong></span> <span class='ocrx_word' id='word_1_196' title='bbox 602 3483 638 3546; x_wconf 88' lang='lat' dir='ltr'><strong>in</strong></span> <span class='ocrx_word' id='word_1_197' title='bbox 656 3482 768 3548; x_wconf 87' lang='lat' dir='ltr'><strong>litibus</strong></span> <span class='ocrx_word' id='word_1_198' title='bbox 789 3487 1053 3564; x_wconf 85' lang='lat' dir='ltr'><strong>constitutiones,</strong></span> <span class='ocrx_word' id='word_1_199' title='bbox 1078 3507 1159 3581; x_wconf 85' lang='lat' dir='ltr'><strong>quot</strong></span> <span class='ocrx_word' id='word_1_200' title='bbox 1230 3521 1233 3525; x_wconf 93' lang='lat'><em>·</em></span> 
     </span>
    </p>
   </div>
   <div class='ocr_carea' id='block_1_5' title="bbox 141 3693 424 3708">
    <p class='ocr_par' dir='ltr' id='par_1_6' title="bbox 141 3693 424 3708">
     <span class='ocr_line' id='line_1_29' title="bbox 141 3693 424 3708; baseline 0 -2"><span class='ocrx_word' id='word_1_201' title='bbox 141 3693 424 3708; x_wconf 45' lang='lat' dir='ltr'><strong>*a</strong></span> 
     </span>
    </p>
   </div>
   <div class='ocr_carea' id='block_1_6' title="bbox 180 3798 1040 4159">
    <p class='ocr_par' dir='ltr' id='par_1_7' title="bbox 180 3798 985 3962">
     <span class='ocr_line' id='line_1_30' title="bbox 182 3798 985 3866; baseline 0.001 -16"><span class='ocrx_word' id='word_1_202' title='bbox 182 3813 196 3850; x_wconf 82' lang='grc' dir='ltr'>ι</span> <span class='ocrx_word' id='word_1_203' title='bbox 238 3798 897 3866; x_wconf 75' lang='lat' dir='ltr'><strong>Terent·Scaur.deortlrogr.p.2&#39;255.</strong></span> <span class='ocrx_word' id='word_1_204' title='bbox 982 3835 985 3841; x_wconf 70' lang='grc'><strong><em>»</em></strong></span> 
     </span>
     <span class='ocr_line' id='line_1_31' title="bbox 180 3892 511 3962; baseline -0.003 -19"><span class='ocrx_word' id='word_1_205' title='bbox 180 3909 199 3943; x_wconf 78' lang='lat'><em>2</em></span> <span class='ocrx_word' id='word_1_206' title='bbox 234 3895 309 3944; x_wconf 83' lang='lat' dir='ltr'><strong>Inst.</strong></span> <span class='ocrx_word' id='word_1_207' title='bbox 328 3895 409 3943; x_wconf 83' lang='lat' dir='ltr'><strong>Orat.</strong></span> <span class='ocrx_word' id='word_1_208' title='bbox 430 3892 464 3955; x_wconf 88' lang='lat' dir='ltr'><strong>l,</strong></span> <span class='ocrx_word' id='word_1_209' title='bbox 484 3909 511 3962; x_wconf 87' lang='lat'><strong>7.</strong></span> 
     </span>
    </p>

    <p class='ocr_par' dir='ltr' id='par_1_8' title="bbox 181 3987 1040 4159">
     <span class='ocr_line' id='line_1_32' title="bbox 183 3987 1040 4064; baseline 0.013 -27"><span class='ocrx_word' id='word_1_210' title='bbox 183 3987 202 4037; x_wconf 78' lang='lat'><strong>5</strong></span> <span class='ocrx_word' id='word_1_211' title='bbox 241 3987 364 4038; x_wconf 80' lang='lat' dir='ltr'><strong>Velius</strong></span> <span class='ocrx_word' id='word_1_212' title='bbox 381 3992 524 4056; x_wconf 76' lang='lat' dir='ltr'><strong>Longus</strong></span> <span class='ocrx_word' id='word_1_213' title='bbox 538 3988 571 4038; x_wconf 86' lang='lat' dir='ltr'><strong>de</strong></span> <span class='ocrx_word' id='word_1_214' title='bbox 589 3989 713 4058; x_wconf 62' lang='lat' dir='ltr'><strong>orthogra</strong></span> <span class='ocrx_word' id='word_1_215' title='bbox 730 4007 760 4056; x_wconf 84' lang='lat' dir='ltr'><strong>p.</strong></span> <span class='ocrx_word' id='word_1_216' title='bbox 777 3992 858 4046; x_wconf 74' lang='lat'><strong>2214.</strong></span> <span class='ocrx_word' id='word_1_217' title='bbox 876 3994 919 4046; x_wconf 86' lang='lat' dir='ltr'><strong>cf.</strong></span> <span class='ocrx_word' id='word_1_218' title='bbox 942 4013 1019 4064; x_wconf 76' lang='lat'><strong>2²²7⁴</strong></span> <span class='ocrx_word' id='word_1_219' title='bbox 1037 4002 1040 4008; x_wconf 86' lang='lat'>&#39;</span> 
     </span>
     <span class='ocr_line' id='line_1_33' title="bbox 181 4082 987 4159; baseline 0.019 -29"><span class='ocrx_word' id='word_1_220' title='bbox 181 4083 201 4136; x_wconf 73' lang='lat'><strong>4</strong></span> <span class='ocrx_word' id='word_1_221' title='bbox 234 4082 615 4154; x_wconf 69' lang='lat' dir='ltr'><strong>LersclrinZer&#39;t‘sclr.-s.</strong></span> <span class='ocrx_word' id='word_1_222' title='bbox 637 4085 987 4159; x_wconf 63' lang='lat' dir='ltr'><strong>Alterrt01837‚n.128.</strong></span> 
     </span>
    </p>
   </div>
   <div class='ocr_carea' id='block_1_7' title="bbox 0 0 1306 4756">
    <p class='ocr_par' dir='ltr' id='par_1_9' title="bbox 0 0 1306 4756">
     <span class='ocr_line' id='line_1_34' title="bbox 0 0 1306 4756; baseline 0 0"><span class='ocrx_word' id='word_1_223' title='bbox 0 0 1306 4756; x_wconf 95' lang='lat' dir='ltr'><strong> </strong></span> 
     </span>
    </p>
   </div>
  </div>
 </body>
</html>
