2580 4756
616 423 676 490 197

134 605 212 688 Quo
236 606 379 687 pertinet
401 626 467 667 non
490 608 597 667 solum
621 607 846 688 fragmentum
870 616 1040 689 quantum
1062 605 1146 667 ltin-

133 725 254 786 atitum
271 734 374 807 atque
395 724 590 808 equitatum
604 719 618 768 1
633 765 642 796 ,
667 742 783 784 verum
807 720 908 785 etiam
921 721 1057 785 mutilus
1070 721 1096 784 F
1098 743 1144 784 es-

134 840 159 902 ti
182 842 287 904 locus:
323 867 339 906 «
353 839 486 904 Ravana
519 860 633 904 vocem
655 840 836 924 significare
854 840 899 902 ait
916 839 1049 905 Verrius
1069 863 1144 904 rau·

134 979 209 1020 cam
244 972 276 1021 et
305 980 425 1040 parum
451 959 630 1042 liquidam,
666 956 817 1039 proxime
842 979 962 1021 canum
987 962 1144 1022 latratum

132 1090 317 1141 sonantem.
364 1076 461 1142 Unde
482 1077 580 1140 etiam
602 1074 779 1139 causidicus
797 1077 990 1162 pugnaciter
1010 1080 1144 1161 loquens

134 1194 263 1257 rabula
277 1195 522 1279 appellabatur,
536 1209 574 1258 ut
586 1209 633 1259 eat
645 1196 733 1277 apud
742 1196 908 1259 Lucilium
916 1242 974 1261 .....
983 1196 1009 1261 ².
1035 1199 1145 1260 Affec-

133 1326 242 1376 tatum
265 1315 363 1376 etiam
384 1317 620 1377 nonnullorum
645 1328 814 1378 oratorum
832 1314 1060 1380 Romanorum
1073 1339 1146 1380 mo·

133 1452 208 1495 rem
226 1433 410 1507 damnavit,
435 1432 492 1515 qui
515 1432 682 1496 malebant
705 1433 809 1497 aliena
833 1433 946 1519 linguai
971 1436 1018 1498 uti
1044 1457 1145 1519 quam

134 1549 298 1624 Romami,
311 1551 423 1633 prouti
431 1543 625 1627 Tuscorum,
639 1551 850 1628 Sabinorum,
861 1551 1145 1618 Praenestinorum

135 1667 247 1752 lingui
263 1669 425 1732 dicentem
436 1669 591 1735 Vectium
604 1671 631 1735 3.
657 1669 815 1737 Similiter
828 1671 972 1747 ridebat,
984 1673 1057 1754 qui,
1074 1689 1145 1735 om·

133 1785 213 1848 nino
236 1786 387 1850 Latinam
412 1787 562 1873 linguam
592 1789 803 1864 fastidientes,
839 1787 962 1852 Graece
983 1792 1158 1871 loquenda

132 1900 194 1965 sibi
219 1903 429 1984 placebantl.

171 2199 182 2232 r
228 2162 793 2256 Varroeod0ani10Fr.inc.99.

169 2297 185 2330 2
222 2281 271 2330 Fr.
289 2280 343 2329 inc.
363 2282 425 2350 174·

169 2374 186 2425 5
224 2376 364 2442 Quint.
384 2378 460 2431 Inst.
479 2380 559 2432 Orat.
579 2378 607 2447 l,
626 2378 652 2430 5.
672 2346 774 2431 Ituci
786 2379 807 2433 l.
826 2382 875 2433 Fr.
894 2383 948 2431 in‘c·
970 2397 1027 2446 170.

166 2471 184 2524 4
222 2474 296 2524 Cic.
314 2474 347 2526 da
366 2475 429 2528 Fin.
449 2475 475 2540 l,
494 2477 523 2541 3,
542 2469 569 2545 92
