2580 4756
618 397 680 458 133

132 583 251 653 docet,
274 577 446 658 scriptores
462 572 639 649 testantur,
661 572 1010 656 ususipseconlirmat.
1036 574 1149 637 Idem·

135 721 204 783 que
234 695 383 760 obtinere
413 693 527 757 debuit
563 691 687 757 Horatii
721 705 835 756 aetate.
880 689 965 755 Nam
989 694 1045 776 qui
1072 714 1148 756 eum

134 829 244 880 aetate
281 824 519 897 praecesserant
547 818 685 895 poe'tae,
710 811 863 887 Plautus,
887 811 1061 886 Pacuvius,
1086 811 1147 876 Te·

136 934 281 1009 rentius,
312 931 447 1008 Accius,
483 931 517 993 in
539 930 653 1014 primis
676 951 752 995 vero
775 931 983 995 recentissimi
1007 931 1149 994 Lucilius

134 1067 172 1117 et
204 1051 395 1125 Lucretius,
431 1048 586 1113 Romanis
618 1048 828 1131 acceptissimi
850 1051 994 1113 suerunt.
1041 1048 1106 1114 Hos
1132 1072 1151 1113 a

135 1169 247 1253 pueris
280 1168 450 1243 admirati,
482 1169 542 1230 hos
571 1168 705 1251 juvenes
739 1189 777 1230 ac
808 1167 888 1244 viri,
925 1168 1048 1253 quippe
1070 1187 1150 1252 quos

135 1291 219 1353 solos
243 1299 481 1373 cognoverant,
505 1287 645 1369 amplexi
672 1300 782 1363 erant,
805 1287 840 1350 in
859 1286 907 1350 his
932 1286 1072 1373 legendis
1082 1307 1151 1350 me·

140 1407 347 1491 ditandisque'
372 1406 655 1471 consenescebant
685 1405 810 1470 Horatii
848 1409 1006 1491 aequales.
1051 1405 1152 1471 Vale-

139 1527 197 1590 bat
215 1539 349 1608 patrum
365 1525 537 1590 auctoritas
556 1525 613 1588 diu
635 1528 722 1608 apud
742 1525 1009 1602 liberos,nechi,
1034 1546 1151 1610 quam-

139 1646 185 1710 vis
206 1643 369 1727 pulcriora
387 1657 420 1708 et
438 1644 661 1708 emendatiora
676 1644 785 1719 nacti,
812 1665 964 1726 respuere
986 1664 1071 1727 quae
1092 1645 1153 1708 illis

139 1766 355 1847 placuerant,
380 1762 553 1826 audebant.
600 1761 714 1846 quue
739 1765 865 1826 fervere
893 1763 996 1848 magis
1013 1785 1051 1827 ea
1066 1763 1153 1845 pris-

141 1883 202 1947 tini
235 1882 304 1946 aevi
337 1881 501 1946 veneratio
532 1880 667 1957 debuit,
700 1902 766 1965 quo
792 1882 863 1946 illos
891 1882 1020 1968 gravius
1045 1883 1151 1946 homi·

140 2023 247 2075 num,
284 2001 421 2065 meliora
447 2000 715 2085 anquirentium,
739 2000 873 2086 gliscens
896 2001 1014 2065 indies
1036 2023 1154 2065 aemu-

141 2122 222 2186 latio
257 2134 289 2184 et
318 2117 467 2184 studium
499 2119 682 2184 oli'endebat
694 2164 704 2194 ,
738 2140 870 2204 quoque
903 2120 1057 2207 insignius
1081 2134 1151 2186 erat

144 2241 238 2323 interf
255 2253 364 2304 vetera
388 2239 444 2303 illa
464 2252 498 2303 et
516 2259 601 2303 nova
614 2238 802 2303 discrimen.
849 2237 949 2304 Cessit
973 2261 1049 2306 vero
1065 2262 1153 2323 pau-

142 2360 235 2423 latim
269 2358 365 2422 aetati
391 2358 504 2443 judicii
525 2358 613 2422 istius
634 2357 807 2443 iniquitas:
831 2359 937 2423 rarius
963 2363 1155 2425 factumest

143 2499 245 2566 genus
272 2497 407 2554 eorum,
432 2478 488 2561 qui
514 2477 548 2540 in
574 2478 702 2557 Lucilio
723 2478 940 2562 Lucretioque
957 2500 1050 2543 verae
1072 2486 1153 2560 po'e'-

142 2617 209 2661 seos
234 2597 435 2682 imaginem,
463 2596 592 2683 linguae
616 2595 749 2660 Latinae
766 2617 953 2679 expressum
965 2598 1154 2678 exemplum

144 2715 370 2780 intuebantur.
403 2712 456 2778 Sic
481 2714 748 2799 exstinguebatur
768 2713 870 2790 illud,
896 2715 984 2797 quod
1007 2714 1156 2798 viguerat

144 2835 247 2909 olim,
272 2832 436 2898 vetustatis
455 2833 613 2897 studium.

188 2953 338 3018 Alteram
370 2972 499 3015 causam
529 2950 588 3014 sibi
612 2971 690 3015 cum
710 2951 888 3020 Wielando
902 2951 1047 3017 invenire
1069 2952 1152 3017 visus

144 3081 195 3138 est
229 3070 343 3136 Mauso
375 3071 410 3133 in
440 3070 668 3136 Ciceroniana
699 3070 838 3136 tacitis·
855 3071 1153 3136 commendatione.

144 3191 274 3256 Extulit
290 3190 344 3252 ille
356 3201 388 3252 et
401 3189 593 3266 celebravit,
614 3192 655 3253 ad
667 3189 801 3254 Paetum
821 3190 973 3267 scribens,
995 3212 1156 3255 vernacu-

145 3313 216 3375 lam
228 3309 319 3373 illam
332 3308 550 3386 festivitatem,
573 3329 721 3392 saporem
738 3309 833 3372 illum
847 3312 1081 3385 vernaculum,
1103 3332 1157 3374 ve-

145 3444 231 3494 teres
252 3429 321 3492 illos
335 3428 500 3492 Romanos
519 3431 617 3503 sales,
642 3447 722 3512 quos
735 3429 951 3511 corrupissent
967 3441 999 3492 et
1016 3428 1153 3492 absum-

144 3549 257 3614 sissent
280 3548 450 3611 braccatae
475 3545 625 3633 gentes¹.
672 3545 800 3611 Harum
827 3547 989 3611 virtutum
1004 3547 1158 3612 desideri-

144 3690 225 3743 um,
261 3669 350 3751 quod
386 3665 534 3731 Ciceroni
556 3686 656 3751 grave
671 3678 713 3729 et
733 3665 889 3729 acerbum
914 3670 1042 3741 fuerat,
1061 3669 1157 3732 dura-

147 3788 228 3852 visse
260 3799 293 3850 et
325 3786 446 3849 radices
478 3784 576 3870 egisse
602 3785 689 3868 apud
722 3797 862 3866 posteros
894 3785 1066 3849 verisimile
1098 3798 1157 3852 est.

147 3906 276 3991 Quibus
288 3906 350 3968 alia
362 3906 521 3970 accessisse
530 3907 617 3969 baud
629 3904 918 3990 praetermittenda
929 3918 1017 3972 recte
1029 3928 1162 3971 censue·

154 4089 434 4100 a———a———u—-n

189 4210 198 4242 1
240 4190 307 4260 Sup.
327 4210 355 4259 p.
375 4193 420 4259 tt,
441 4211 484 4263 9¹·
