2580 4756
608 399 668 458 201

132 575 319 640 Horatianis
352 575 561 655 scripserunt.
609 573 791 637 Commode
821 587 932 638 autem
972 576 1041 639 tolli
1052 549 1147 638 ‘diffi-

134 695 238 771 cultas
264 703 379 776 potest.
425 689 510 753 Nam
541 711 646 774 quum
667 693 707 754 de
727 689 860 755 Metello
878 691 1085 756 verissimum
1105 693 1147 754 sit

134 813 227 895 quod
254 810 414 884 affirmat,
437 831 497 873 nec
526 806 714 891 Scipionem
752 829 812 872 neo
837 808 985 872 Laelium
1008 830 1046 872 eo
1063 812 1148 872 laeso

135 926 297 1001 doluisse,
333 928 474 989 alterum
508 926 548 988 de
578 925 674 1006 Lupo
700 927 741 989 ad
766 946 871 988 unum
893 926 1042 990 Laelium
1066 928 1148 989 refe·

135 1048 279 1109 rendum
301 1066 365 1108 esse
389 1043 550 1108 existimo.
585 1041 651 1126 Qui
675 1043 700 1106 si
725 1045 928 1108 seuexobiit
947 1059 979 1109 et
999 1045 1056 1108 diu
1077 1043 1147 1108 Sci-

137 1162 226 1246 pioni
249 1161 430 1244 superfuit,
456 1162 540 1225 testis
564 1182 628 1225 esse
647 1161 777 1244 potuit,
802 1183 867 1246 qua
888 1163 1094 1227 vehementia
1116 1162 1150 1225 in

137 1281 389 1365 perstringendo
417 1279 514 1362 Lupo
532 1281 602 1362 jam
624 1281 735 1342 adulto
757 1301 833 1344 usus
855 1280 896 1343 sit
914 1280 1066 1345 Lucilius.
1114 1279 1152 1343 Id

138 1397 208 1478 ipsa
225 1416 356 1479 quoque
379 1395 504 1458 Horatii
526 1393 625 1459 verba
649 1395 801 1459 videntur
823 1396 983 1460 indicare:
1002 1397 1152 1481 namqui

141 1513 303 1597 corrigere
330 1516 503 1576 voluerunt
526 1534 609 1574 num
632 1511 777 1575 Laelius
802 1524 832 1575 et
858 1516 921 1598 qui
941 1535 1009 1577 non
1031 1514 1151 1600 cogita·

141 1613 242 1705 runt,
278 1651 356 1694 voce
386 1642 450 1694 out
473 1630 666 1716 significasse
685 1634 841 1712 poetam,
871 1628 993 1694 Metelli
1017 1632 1152 1713 quidem

142 1749 359 1834 ignominiam
379 1748 487 1812 neutri
512 1747 731 1830 displicuisse,
756 1748 813 1810 uni
839 1768 916 1810 vero
939 1747 1048 1810 Laelio
1065 1746 1153 1830 Lupi

141 1869 357 1931 notationem.
382 1865 511 1930 Mature
529 1866 630 1949 igitur
647 1864 707 1928 iste
721 1864 827 1928 verbis
848 1865 1003 1947 factisque
1016 1886 1153 1947 pravam

144 1985 287 2048 indolem
319 1983 496 2065 prodidisse
519 1982 670 2057 videtur,
708 2003 746 2044 ac
766 1981 835 2045 sine
856 1973 958 2045 dubio
981 1983 1096 2047 deinde
1120 1984 1155 2046 in

143 2101 180 2165 iis
206 2102 294 2176 suit,
318 2100 395 2183 qui,
420 2122 452 2164 se
479 2099 514 2162 in
537 2102 610 2163 foro
624 2101 801 2183 jactantes,
827 2100 883 2163 uni
906 2100 1014 2164 studio
1038 2114 1071 2166 et
1093 2103 1156 2167 arti

143 2218 246 2282 dediti
272 2231 398 2294 essent,
432 2227 471 2281 ut
492 2231 586 2282 caute
609 2219 708 2283 verba
726 2221 859 2295 darent,
884 2234 1070 2306 pugnarent
1093 2223 1157 2286 do·

144 2341 232 2409 lose,
273 2336 432 2400 blanditia
454 2349 639 2412 certarent,
663 2335 765 2401 bonos
795 2359 828 2401 se
862 2339 945 2403 viros
964 2339 1157 2404 simularent

145 2453 339 2538 insidiasque
357 2458 501 2520 facerent
514 2454 541 2520 1.
566 2455 622 2519 His
642 2457 785 2518 artificiis
809 2477 847 2518 ac
856 2456 1063 2518 simulatione
1077 2477 1157 2539 pau-

145 2573 241 2639 latim
259 2574 293 2635 in
314 2576 498 2638 multorum
519 2571 660 2657 gratiam
680 2592 712 2634 se
737 2570 928 2645 insinuarit,
952 2584 991 2632 ut
1013 2593 1159 2636 summos

147 2693 182 2754 in
206 2691 376 2774 republica
398 2694 535 2754 honores
559 2688 793 2770 adipisceretur
827 2700 861 2750 et
896 2687 1047 2769 princeps
1069 2709 1161 2751 sena·

148 2807 203 2873 tds
236 2811 341 2874 fieret.
387 2808 427 2871 ln
451 2807 568 2898 primis
593 2800 708 2869 autem
735 2806 802 2888 ejus
823 2807 990 2891 impietas
1013 2819 1159 2873 notatur.

150 2925 252 3002 Cuius
287 2925 379 3000 vitii,
413 2944 479 3008 quo
510 2935 578 2987 tota
609 2925 678 3004 ejus
709 2923 775 2986 vita
810 2922 1036 3000 laboraverat,
1060 2926 1161 2990 morti

149 3044 320 3129 proximus
348 3042 472 3128 insigne
505 3043 742 3104 documentum
775 3040 885 3106 edidit.
936 3039 1022 3105 Nam
1056 3065 1161 3127 quum

151 3162 309 3243 erupisset
331 3158 446 3225 sociale
475 3159 600 3222 bellum
623 3171 721 3241 atque
746 3161 827 3222 alter
848 3163 960 3224 consul
980 3161 1086 3244 copias
1107 3165 1162 3226 ad-

152 3302 262 3346 versus
285 3277 447 3343 Samnites
467 3280 618 3352 duceret,
644 3277 709 3358 ipse
728 3298 806 3341 cum
827 3278 971 3343 exercitu
989 3277 1025 3342 in
1042 3266 1165 3344 Marsos

151 3400 316 3479 profectus
352 3407 409 3458 est.
456 3394 542 3458 Ante
571 3415 648 3458 vero
677 3415 781 3478 quarn
816 3393 981 3475 proelium
1005 3395 1163 3473 iniretur,

153 3536 260 3598 quum
291 3512 431 3597 auspicia
464 3511 586 3576 consuli
617 3524 805 3594 oporteret,
830 3509 944 3573 accidit
970 3524 1005 3574 ut
1030 3511 1064 3574 in
1086 3514 1166 3577 extis

155 3647 255 3716 caput
280 3632 431 3717 jecinoris
461 3652 526 3696 non
555 3629 768 3694 inveniretur.
825 3627 952 3694 Verum
990 3633 1078 3695 malo
1113 3632 1166 3696 ille

155 3750 266 3815 omine
282 3751 363 3815 nihil
386 3773 404 3815 a
426 3748 604 3832 proeliandi
626 3744 792 3829 proposito
808 3744 1016 3823 absterritus,
1040 3763 1167 3832 spretae

156 3869 323 3954 religionis
355 3883 387 3932 et
419 3867 608 3932 temeritatis
638 3876 744 3927 morte
774 3884 893 3945 poenas
916 3866 987 3931 luit.
1034 3867 1165 3933 Etenim

301 4049 434 4058 -.-——.-

131 4086 134 4092 *
193 4138 203 4173 t
245 4121 312 4185 Sap.
333 4138 359 4182 p.
377 4121 422 4189 74.
