2580 4756
688 341 731 401 511

200 533 383 585 mentetua:
420 519 564 602 «Loqui
591 519 716 582 videtur
745 518 868 600 Appius
893 520 933 581 de
957 531 1049 600 patre
1072 520 1110 583 L.
1137 518 1206 583 Lu·

202 641 300 715 culli,
335 639 391 724 qui
430 637 654 703 Mithridatem
683 637 778 714 vicit,
806 637 841 731 in
867 642 959 722 cujus
979 636 1045 703 vita
1075 638 1206 703 Plutar-

202 759 281 821 chus
306 770 416 840 aperte
448 760 665 833 demonstrat,
691 770 838 839 parentes
858 758 924 841 ejus
942 756 1099 821 incolumi
1116 760 1208 821 lama

210 895 277 938 non
301 875 417 950 luisse,
453 873 507 938 sed
535 875 625 938 illum
652 873 805 951 avaritia,
828 876 927 951 luxu,
950 873 1084 938 libidine
1100 875 1206 957 pluri-

203 994 328 1078 busque
351 994 433 1058 vitiis
456 1013 523 1056 non
540 1014 658 1075 piarum
673 990 915 1057 contaminasse.
959 990 1081 1057 Scribit
1099 993 1207 1068 enirn,

206 1126 333 1195 patrem
367 1115 453 1196 ejus,
477 1114 566 1175 hunc
598 1111 719 1176 scilicet
745 1112 783 1175 L.
808 1111 1008 1186 Lucullum,
1042 1112 1122 1175 surtr'
1155 1116 1208 1176 vel

203 1233 388 1314 peculatus,
424 1232 475 1294 vel
507 1232 761 1312 repetundarum
781 1232 974 1294 damnatum
992 1230 1109 1304 luisse,
1134 1251 1207 1292 rna·

205 1363 292 1413 trem
329 1369 408 1412 vero
444 1346 619 1414 Caeciliam
653 1347 694 1431 Q.
718 1347 840 1413 Metelli
870 1347 1031 1413 Numidici
1061 1369 1209 1414 sororem

204 1462 415 1550 impudicitia
446 1466 574 1548 publice
602 1467 794 1548 probrosam
812 1478 910 1551 atque
932 1466 1089 1529 infamem
1114 1464 1208 1529 habi·

205 1594 285 1650 tam.
309 1586 415 1650 Facile
437 1583 574 1649 inducor
597 1587 637 1648 ad
652 1585 867 1667 opinandum,
895 1605 957 1668 pro
976 1584 1116 1648 Lucilii
1139 1583 1209 1648 Lu·

209 1705 300 1768 culli
316 1726 437 1768 nornen
461 1706 685 1786 reponendum
716 1724 802 1779 esse,
835 1704 917 1767 sicut
933 1703 967 1766 in
987 1716 1114 1768 vetusto
1134 1725 1211 1768 meo

208 1822 317 1889 codice
338 1824 510 1906 reperitur.
535 1822 608 1887 Non
628 1835 738 1887 tamen
750 1823 856 1886 adbuc
869 1822 979 1898 video,
1001 1822 1159 1906 quidnam
1176 1823 1210 1886 in

207 1944 256 2008 his
274 1943 379 2008 verbis
392 1943 571 2025 reperiatur
583 1942 654 2007 salis
678 1944 728 2006 vel
747 1941 878 2005 ridiculi
899 1953 1026 2023 praeter
1046 1955 1210 2023 exspecta-

210 2061 345 2124 tionem.
391 2058 543 2143 Suspicor
566 2062 724 2123 mendum
746 2061 847 2124 latens
871 2059 905 2121 in
933 2080 1011 2123 voce
1049 2059 1210 2125 liberum.

209 2177 322 2263 Quid,
356 2176 381 2241 si
409 2192 574 2241 mutemus
600 2177 641 2241 'in
675 2177 876 2254 Lucullum,
900 2178 1111 2262 apparebitne
1133 2179 1211 2243 ridi-

208 2302 320 2364 culum
341 2297 421 2382 quid
451 2311 579 2380 praeter
602 2297 892 2380 exspectationem?
937 2299 989 2362 Tu
1006 2296 1080 2363 uide
1098 2301 1212 2365 lector.

209 2416 360 2481 Transilit
395 2415 522 2480 etenim¹
543 2436 622 2479 mox
645 2413 770 2500 Appius
792 2437 811 2479 a
833 2419 1041 2501 quadrupede
1058 2439 1118 2500 per
1136 2439 1212 2504 syn-

207 2538 370 2617 ecdochen
410 2537 452 2599 ad
488 2537 667 2599 unoculum
704 2534 833 2599 Luculli
875 2556 992 2617 pecus,
1039 2533 1213 2600 libidinem

196 2658 274 2740 'ejus
305 2668 417 2720 notans
437 2676 504 2719 non
520 2652 589 2718 sine
611 2651 826 2729 scurrilitate,
851 2655 941 2738 cujus
964 2653 1111 2737 Appium
1136 2653 1213 2719 insi·

208 2778 319 2838 mulat
349 2773 439 2857 prius
468 2773 568 2838 etiam
593 2770 716 2838 Cicero.
762 2770 946 2838 Obscbenus
980 2772 1081 2858 igitur
1117 2787 1214 2858 atque

210 2890 341 2956 infamis
356 2891 531 2968 adulteriis,
557 2912 623 2955 non
639 2889 749 2955 minus
761 2912 861 2975 quam
876 2910 958 2954 uxor
978 2892 1044 2973 ejus
1057 2889 1213 2967 Caecilia,
1272 2905 1276 2913 ’

211 3011 366 3075 Lucullus
396 3008 450 3074 hic
486 3010 615 3075 videtur
641 3029 705 3074 esse
719 3010 745 3074 1.
759 3028 777 3070 11
823 3006 886 3073 Sed
918 3010 997 3072 haec
1017 3029 1084 3072 non
1106 3030 1241 3082 mora-¹

212 3151 300 3193 mur.
345 3127 463 3192 Bakius
492 3141 603 3193 tuetur
638 3125 757 3190 Lucilii
790 3147 931 3203 nomen,
964 3139 996 3190 et
1018 3149 1123 3213 pectes
1145 3127 1215 3193 Lu-

211 3250 294 3313 cilii
328 3246 492 3344 intelligit
509 3245 657 3329 plebem,
691 3245 743 3310 cui
763 3245 903 3332 ¹vectigal
926 3247 996 3332 agri
1017 3246 1141 3330 publici
1157 3269 1217 3332 per

212 3367 369 3431 Thorium
394 3369 502 3451 legem
526 3367 674 3428 concessa
711 3362 829 3429 essetl.
875 3361 972 3448 Quod
993 3363 1119 3428 mirum
1140 3367 1217 3431 sub‹

121 3501 124 3505 ’
211 3486 345 3551 obscure
355 3480 553 3549 'nonnemini
579 3482 642 3547 dici
662 3481 769 3547 uisum
792 3482 882 3548 01101
915 3481 1083 3548 Manifeste
1105 3498 1218 3550 autem

213 3603 384 3687 respicitur
416 3604 613 3668 consuetudo
636 3601 774 3678 Lucilii,
803 3602 860 3686 qui
882 3613 992 3684 petere
1014 3601 1158 3688 singulos
1174 3603 1219 3670 ci·-

216 3744 287 3799 ves,
311 3723 453 3805 arripere
475 3721 633 3803 primores
660 3720 773 3805 populi
796 3722 1022 3804 populumque
1045 3719 1216 3799 tributim,

211 3861 382 3924 nunquam
423 3837 595 3903 dubitavit.
658 3837 731 3902 Non
763 3850 915 3923 poterant
945 3837 1047 3925 igitur
1075 3839 1217 3910 Romani

249 4080 266 4134 ι,
301 4060 533 4125 Ann.111,101.

249 4180 265 4217 2
303 4159 692 4234 Schol.Hypomn,ll,178·
