2580 4756
683 400 746 461 1⁰6

211 602 296 655 esse,
317 578 441 661 assequi
465 575 557 640 nobis
572 576 697 652 licebit,
722 596 824 660 quare
847 569 1018 639 oll'enderi't
1043 576 1079 639 in
1095 576 1132 641 iis
1154 575 1222 641 Ho-

209 697 330 773 ratius,
352 694 540 770 brcvitatis,
563 715 664 778 qnam
677 693 826 775 deinceps
847 695 1076 770 commendat,
1097 695 1221 759 studio·

209 815 362 879 sissimus.
408 811 472 879 Sed
504 813 593 877 aliud
624 824 791 896 praeterea
823 824 888 887 est,
922 814 1012 896 quod
1027 811 1062 876 in
1082 826 1222 898 utroque

211 946 344 1019 tangere
364 933 511 998 ridetur..
527 930 632 1006 Nam,
662 930 748 996 factd
769 929 899 995 Laberii
923 931 1116 1010 mentione,
1140 955 1221 1016 pru·

211 1055 342 1117 dentem
360 1053 484 1116 tristis
506 1063 539 1114 et
545 1050 663 1137 jocosi
685 1049 841 1115 sermonis
862 1051 1139 1133 temperationem
1152 1052 1221 1116 uni·

210 1194 246 1236 cc
266 1170 404 1254 probat,
428 1169 475 1234 ita
488 1183 599 1234 tamen
618 1182 656 1232 ut
673 1168 823 1254 quamvis
845 1179 962 1232 neuter
980 1168 1092 1234 abeme
1113 1171 1223 1253 possit,

210 1292 246 1353 in
269 1289 423 1356 ridiculo
445 1303 478 1353 et
491 1289 611 1374 jocoso
632 1290 708 1371 plus
728 1287 769 1352 sit
792 1287 970 1351 efficaciae:
1010 1314 1014 1319 ’

759 1438 805 1454 -—
826 1402 1039 1471 Ridiculum
1058 1411 1141 1473 emi

255 1525 403 1592 Fortius
427 1538 459 1591 et
481 1526 781 1613 rusticaverimus
799 1524 1006 1612 plerumque
1026 1538 1120 1591 secat
1136 1551 1200 1592 ree.

212 1646 327 1731 ltaque
349 1667 427 1710 oum
447 1645 550 1720 risus,
581 1643 764 1728 explicante
788 1642 1041 1728 Quintiliano¹,
1065 1646 1219 1711 maxima·

210 1787 289 1830 rum
316 1787 431 1829 rerum
459 1775 630 1828 momenta
664 1775 789 1840 vertat,
820 1763 975 1828 vitiosum
1007 1764 1043 1827 in
1071 1786 1113 1829 eo
1132 1766 1219 1831 fuisse

213 1883 390 1947 Laberium
424 1881 576 1946 Horatius
604 1881 786 1968 signifieat,
811 1884 901 1966 quod
916 1882 1105 1947 effusiorem
1121 1883 1217 1949 risum

210 2001 445 2086 spectatoribus
465 2022 599 2066 movere
612 2001 796 2078 niteretur,
819 2020 881 2064 nec
896 2001 969 2065 satis
983 2003 1147 2066 sermonis
1164 2024 1217 2068 va·

212 2120 340 2195 rimati,
374 2120 461 2184 seriis
498 2118 763 2202 interponendis,
797 2122 988 2184 consuleret.
1035 2117 1135 2206 Quod
1156 2120 1217 2185 im·

213 2242 425 2309 moderatum
448 2239 551 2304 risum
570 2233 734 2303 excitandi
752 2240 900 2304 studium
918 2253 957 2304 ut
967 2241 1148 2307 dedecebat
1155 2239 1216 2305 mi-

212 2379 331 2435 mum,
364 2358 410 2422 itu
433 2360 593 2423 defecerat
615 2379 746 2441 prorsus
781 2357 919 2424 Lucilio.
965 2358 1071 2444 Hujus
1095 2381 1174 2427 acer
1189 2372 1217 2426 et

212 2477 311 2544 tristis
331 2481 528 2563 plerumque
539 2497 648 2543 sermo
671 2490 761 2556 erat3
784 2478 948 2543 nesciebat
959 2479 1160 2563 tempestivis
1170 2482 1219 2564 jo-

211 2599 255 2665 cis
270 2599 354 2664 seria
376 2597 507 2663 condire
526 2609 559 2662 et
582 2597 782 2675 exhilarare
804 2597 977 2662 mordendi
997 2610 1031 2662 et
1050 2612 1220 2665 contume-

211 2719 290 2783 liose
311 2718 486 2783 lacessendi
506 2739 607 2803 quant
629 2714 736 2801 lepide
760 2715 915 2780 irridendi
940 2716 1141 2802 ludendique
1152 2732 1219 2783 stu·

210 2837 340 2902 diosior.
384 2836 452 2902 Nec
474 2837 670 2922 gravitatem
689 2835 912 2920 jucunditate,
932 2853 1039 2924 neque
1059 2849 1223 2903 venustate

211 2952 423 3023 acerbitatem
445 2957 520 3021 satis
539 2955 646 3019 ubivis
661 2954 905 3020 moderabatur.
932 2951 1150 3042 Quamquam
1159 2978 1220 3022 nm

210 3076 307 3156 plane
341 3073 478 3138 ridiculo
511 3086 544 3138 et
572 3075 682 3157 jocoso
712 3071 866 3138 orationis
895 3094 1014 3160 genere
1037 3074 1222 3141 shsbnnisoe

211 3192 339 3256 videtur
351 3191 446 3255 iboeti
466 3190 588 3278 ingenii
601 3191 670 3268 vir3
694 3192 836 3274 probant
847 3192 880 3256 id
889 3193 1043 3276 Jocorum
1054 3216 1095 3259 ac
1105 3194 1220 3261 salium

211 3310 481 3375 faoefissimorum
491 3309 527 3373 in
540 3311 731 3396 fragmentis
748 3311 876 3376 indicia.
898 3311 1043 3377 Definime
1056 3334 1136 3378 vero
1152 3334 1220 3379 eam

211 3429 247 3493 in
274 3429 468 3512 usurpandis
488 3428 576 3494 seriis
596 3451 635 3494 ac
651 3429 732 3514 jocis
751 3430 1038 3514 aequabilitatem,
1062 3445 1102 3496 ut
1124 3435 1224 3498 modo

212 3547 407 3634 indignantis
438 3549 522 3615 irata
555 3569 640 3625 vox,
676 3551 777 3614 modo
809 3550 926 3615 leniter
952 3549 1094 3616 ludentis
1117 3568 1225 3619 sem

213 3667 435 3750 acciperetur,
455 3667 536 3733 binc
556 3669 701 3735 menime
723 3668 935 3756 intelligitur,
963 3674 1053 3757 quod
1072 3669 1225 3739 Horatius

212 3784 259 3851 ita
279 3784 340 3850 sibi
360 3789 549 3852 suadentem
572 3786 766 3853 Trebatium
787 3785 886 3853 facit:

216 3995 494 4008 ffl-

249 4149 260 4184 ι
300 4135 373 4184 Insl·
394 4135 474 4194 Oret.
494 4131 591 4207 leb.
616 4137 618 4141 ’
