2580 4756
617 342 665 406 ‘24

136 521 300 586 Duronius
319 523 468 587 tribunus
492 490 601 604 plebis·
632 521 837 606 impugnasse
857 531 956 604 atque
978 518 1150 606 abrogasse

134 641 243 725 legem
255 638 385 704 Didiam
398 639 545 716 videtur,
558 661 596 704 ac
607 659 727 723 parum
744 637 992 713 verisimilem,
1006 636 1150 701 atribu-

134 776 180 821 no
190 756 293 839 plebis
315 759 422 843 legem
435 757 595 820 Liciniam
607 757 716 843 rogari
729 754 879 840 potuisse,
901 746 1071 839 quoniam,
1083 775 1147 819 ue-

134 872 198 936 riti
212 887 251 938 ut
268 874 441 957 juberetur
462 877 639 958 apopulo,
663 887 738 939 ante
749 887 903 938 exactum
915 859 1149 936 trinundinum

136 991 308 1074 optimates
334 992 403 1056 sim
421 1013 495 1056 eam
526 991 648 1055 habere
673 989 760 1057 SCto
780 994 966 1056 voluerunt.
1011 987 1077 1054 Sed
1088 1009 1151 1053 nec

133 1107 267 1173 Didiam
287 1093 458 1192 probabile
478 1123 561 1175 esta
581 1109 718 1175 tribuno
743 1109 839 1173 fuisse
861 1120 1027 1195 rogatam,
1052 1107 1109 1172 sed
1131 1128 1151 1170 a

136 1240 287 1310 praetore
322 1228 441 1305 Didio,
476 1230 566 1313 quod
594 1228 694 1292 etiam
717 1227 898 1312 suspicatus
929 1241 976 1292 est
1011 1224 1149 1311 Varges.

135 1342 223 1410 Haec
245 1359 357 1410 autem
382 1347 531 1431 quamvis
551 1358 638 1410 recte
650 1348 828 1429 procedant
841 1389 850 1421 ,
863 1357 897 1409 et
916 1343 1059 1408 Liciniae
1071 1364 1153 1426 per·

137 1465 289 1528 ferendae
322 1464 610 1528 causa'manifesta
639 1463 700 1540 sit,
730 1476 843 1527 tamen
863 1463 962 1548 possit
981 1461 1145 1538 dubitari,

137 1601 222 1644 num
252 1602 288 1645 re
313 1601 390 1645 vera
417 1581 638 1666 intelligenda·
658 1581 699 1644 sit
723 1582 822 1664 apud*
835 1579 1006 1647 Valerium
1030 1579 1148 1658 Didia;

137 1719 218 1762 nam
237 1698 317 1762 ¹fieri
353 1698 494 1782 potuisse
523 1711 561 1762 ut
595 1698 658 1764 alia
693 1700 855 1782 quaedam
886 1696 978 1761 nobis
1013 1696 1154 1762 obscura

138 1827 219 1878 esset
244 1815 387 1880 Liciniae
404 1818 616 1900 perferendae
640 1834 758 1894 causa,
784 1836 891 1900 neque
914 1817 1091 1905 repetenda
1111 1807 1152 1878 ex'

138 1931 246 1997 subita
273 1932 485 2021 abrogatione
518 1935 640 2000 Didiae.
687 1934 732 2000 At
766 1954 844 1999 vero
874 1936 959 1997 hanc
989 1933 1153 1997 rationem

138 2048 222 2113 inire
256 2061 367 2115 vetant
400 2049 496 2114 Gellii
528 2051 650 2128 rerba,
685 2051 742 2135 qui
765 2051 953 2115 memoratis
975 2048 1101 2116 Fannia
1121 2063 1155 2115 et

140 2165 283 2230 Licinia:
303 2179 403 2250 apost
426 2189 464 2232 ea
476 2167 569 2264 fait,
593 2166 736 2233 L.'Sulla
747 2168 886 2233 dictator
899 2189 976 2233 oum
990 2214 999 2244 ,
1015 2168 1153 2256 legibue

142 2285 228 2349 istis
263 2286 339 2348 situ
362 2296 465 2372 atque
493 2288 588 2351 sessio
612 2285 835 2362 obliteratis,
861 2287 1012 2372 plerique
1035 2286 1071 2349 in
1094 2273 1154 2370 paL

142 2401 305 2466 trimoniis
328 2403 445 2485 amplis
465 2403 708 2480 helluarentur‚
733 2417 766 2468 et
787 2402 948 2468 familiam
961 2391 1156 2487 pecuniam·

140 2541 208 2613 ¹que
234 2542 328 2587 suam
357 2522 572 2604 prandiorum
599 2518 783 2612 gurgitibus
808 2523 1025 2606 proluissent',
1045 2521 1155 2610 legem

143 2641 185 2704 ad
207 2642 370 2722 populum
392 2640 469 2704 tulit
498 2677 544 2692 --
565 2639 591 2705 ¹.
606 2658 624 2701 »
671 2636 997 2716 Animadvertimus,
1033 2641 1150 2707 Didiae

142 2759 269 2822 nullam
291 2780 311 2822 a
336 2757 442 2822 Gellio
466 2758 668 2835 mentionem
681 2758 776 2835 fieri,
794 2779 901 2842 neque
924 2757 1040 2822 diserte
1064 2759 1159 2842 uspi-

144 2897 200 2939 am
223 2876 358 2960 exponi‚
375 2875 439 2941 situ
460 2889 559 2961 atque
570 2878 658 2941 senio
670 2883 807 2960 ‘prorsus
830 2874 1037 2941 obliteratam
1047 2875 1156 2943 fuisse.

146 2990 359 3057 Contrarium
390 3013 467 3057 vero
491 3005 637 3057 constare
660 2993 809 3057 videmus
827 2995 867 3057 de
890 2991 1025 3056 Licinia.
1069 2991 1159 3057 Nam

145 3111 195 3175 ita
219 3111 283 3174 alio
314 3112 386 3174 loco
406 3109 551 3175 Gellius:
588 3107 709 3195 «Quid
731 3114 807 3175 'tana
836 3110 1052 3175 necessarium
1065 3104 1160 3175 ‘exis'ss

144 3229 302 3294 timetum
324 3240 391 3292 ‘est
421 3227 658 3311 propulsandae
693 3229 817 3294 civium
852 3228 1019 3305 luxuriae,
1055 3249 1160 3312 quam

145 3349 198 3411 lex
234 3344 374 3421 Licinia,
395 3344 539 3422 Fannia,
561 3346 706 3431 aliaeque
729 3346 808 3410 item
829 3346 915 3432 leges
935 3344 1160 3410 sumtuariae?

147 3460 270 3528 Omnia
282 3475 401 3527 *tamen
424 3466 504 3528 haec
528 3464 699 3531 obliterata
731 3477 764 3528 et
787 3477 901 3547 operta
922 3478 999 3528 sunt
1023 3463 1160 3529 civitatis

146 3581 315 3664 opulentia
348 3582 437 3666 quasi
473 3565 670 3667 quibusdam
696 3582 849 3648 fluctibus
874 3580 1086 3647 exaestuantis
1098 3561 1126 3647 ²ss
1140 3598 1159 3642 t>

148 3697 222 3766 Non
250 3713 362 3764 autem
385 3721 509 3766 necesse
537 3715 602 3778 est,
641 3715 679 3767 ut
711 3702 801 3766 aliis
825 3700 891 3765 istis
915 3698 1039 3786 legibus
1060 3697 1161 3764 etiam

184 4000 196 4038 ι
235 3982 277 4045 ΙΙ,
299 3983 348 4045 24,
371 3979 424 4036 ιι.7

184 4099 200 4134 2
236 4079 310 4150 XX,
331 4073 373 4134 2‘5.
