2580 4756
604 389 667 477 res

139 565 231 648 quod
271 561 424 628 Villula
465 564 671 640 inscribitur,
715 567 832 650 cuique
868 570 1026 652 praelatio
1061 572 1148 638 talis:

136 681 286 766 «Quum
317 685 357 746 de
377 682 497 764 palatio
518 697 590 766 post
607 687 728 749 multos
747 707 847 750 annos
868 688 1150 766 honoratissimus,

135 802 260 885 quippe
283 804 352 886 jam
374 804 508 878 consul,
530 801 660 867 redisset
684 806 725 868 ad
749 806 890 887 patriam
916 806 1144 895 (Hispaniam),

136 919 309 996 villulam,
349 942 450 1005 quam
481 934 574 1004 pater
610 921 806 1007 reliquerat,
842 922 1075 1011 introgressus,
1099 927 1149 992 his

136 1040 283 1104 versibus
301 1039 377 1103 lusit
396 1039 575 1104 Lucilliano
596 1040 669 1104 stilo
677 1040 704 1104 ⁴¹.
720 1060 737 1101 »
763 1041 886 1106 Pariter
903 1043 937 1105 in
954 1044 1086 1127 epistola
1109 1049 1149 1110 ad

135 1158 298 1233 Paulum,
330 1161 495 1222 rhetorem
524 1157 787 1244 Bigerritanum,
818 1161 852 1224 bi
877 1184 984 1228 versus
1005 1178 1102 1228 sunt:

181 1274 421 1363 Aequanimus
445 1279 479 1341 si
501 1300 569 1363 qua
582 1276 752 1364 fucris,
778 1281 808 1352 ἐς
831 1286 939 1346 πάντα
959 1281 1031 1364 μάλ’
1046 1283 1148 1350 εὕδειν

182 1396 226 1460 Μ
228 1396 413 1473 alueris,
435 1395 518 1480 λήθη
542 1395 576 1461 δὲ
599 1401 700 1462 πόνον
723 1397 801 1462 ἐ’σετ’
823 1398 877 1479 ἠδὲ
901 1401 1045 1484 aretae&

136 1515 185 1584 Ut
220 1515 370 1580 universa
398 1514 478 1581 haec
511 1515 645 1598 epistola
665 1515 866 1581 Graecorum
891 1530 923 1583 et
949 1519 1143 1584 Latinorum

135 1635 317 1699 verborum
357 1633 590 1698 commixtione
623 1634 829 1700 Lucilianum
861 1657 990 1701 morem
1023 1641 1146 1714 refert,

135 1753 181 1818 ita
214 1753 247 1816 in
274 1752 332 1827 iis,
366 1772 446 1836 quos
469 1751 544 1815 inde
566 1753 792 1829 laudavimus,
817 1755 959 1820 versibus
980 1761 1148 1842 παρισώσει

136 1894 234 1937 usum
266 1893 329 1936 esse
361 1870 479 1936 Lucilii
512 1870 713 1947 imitatione,
745 1872 975 1938 animadvertit
995 1873 1146 1962 Scaliger.

134 1990 294 2058 Ceterum
314 2002 469 2073 apparet,
491 1988 520 2053 ei
543 2008 610 2052 non
621 1988 716 2053 unice
735 1989 913 2072 probatum
928 1993 1033 2070 fuisse,
1047 2017 1148 2078 quem

135 2109 295 2176 aemulari
314 2110 468 2174 studeret.
513 2106 598 2173 Nam
622 2110 663 2172 ad
686 2108 897 2188 Tetradium,
921 2112 1035 2178 satirae
1045 2113 1148 2198 scrip·

135 2244 263 2305 torem,
287 2227 430 2293 scribens
453 2229 542 2291 bunc
566 2227 690 2293 Lucilio
710 2231 901 2312 praeponit,
926 2234 1015 2316 quod
1026 2234 1149 2297 carmi-

137 2349 186 2414 nis
216 2349 260 2412 fel
291 2349 388 2410 melle
417 2345 663 2430 temperasset3.
710 2346 840 2412 Praeter
863 2351 1045 2415 Ausonium
1076 2352 1148 2416 De-

136 2469 230 2535 cius
262 2467 398 2553 quidam
424 2467 599 2532 satirarum
628 2467 766 2550 scriptor
792 2470 859 2534 huc
879 2474 1055 2535 refertura
1081 2470 1149 2536 Ca-

136 2586 322 2656 saubonol.
368 2585 476 2672 Quem
508 2587 646 2651 Decium
665 2589 889 2674 cognoscimus
909 2611 949 2653 ex
977 2587 1148 2655 Itinerario

138 2708 265 2776 Claudii
283 2707 397 2797 Rutilii
420 2705 609 2771 Numatiani
633 2705 783 2770 Etruriae
806 2710 1010 2789 praefectum
1032 2709 1146 2787 fuisse,

135 2831 302 2911 talemque
333 2824 502 2909 provincial
536 2823 574 2889 esi
606 2824 862 2890 administranda
895 2846 927 2889 se
944 2825 1147 2908 probavisse,

136 2949 268 3034 qualem
292 2944 437 3008 maxime
460 2943 525 3006 fide
550 2955 582 3005 et
595 2941 757 3024 probitate
792 2944 1005 3027 conspicuum
1036 2945 1146 3010 virum

134 3065 289 3132 Laebanri
327 3066 415 3125 fama
449 3061 620 3147 flagitaret.
666 3060 714 3124 De
746 3081 813 3145 quo
844 3063 1000 3145 quoniam
1034 3066 1148 3130 multis

134 3183 337 3269 disputatum
362 3194 409 3246 est
432 3203 451 3244 a
476 3179 723 3255 Wernsdorfl'o,
754 3182 949 3245 sententiam
973 3182 1041 3266 ejus
1060 3204 1147 3265 pau-

131 3306 176 3371 cis
210 3305 420 3367 declaremus.
466 3298 593 3362 Putavit
610 3300 677 3382 ejus
701 3318 823 3361 nomen
847 3311 955 3362 totum
980 3320 1044 3362 esse
1062 3297 1147 3363 Cae-

131 3425 242 3489 cinam
270 3419 408 3484 Decium
442 3416 628 3496 Acinatium
658 3414 838 3492 Albinum,
871 3416 947 3499 qui,
971 3429 1145 3500 postquam

131 3543 267 3608 Tusciae
296 3541 475 3623 praefectus
508 3538 634 3609 fuerat,
659 3532 757 3598 Urbis
780 3535 1020 3615 praefecturam
1042 3556 1149 3599 susce·

134 3747 414 3764 ffl—

168 3851 307 3920 s.1dyll
327 3847 384 3902 lll.

167 3971 184 4007 2
219 3957 276 4020 Ep.
298 3947 387 4009 Xlll,
407 3946 449 3997 35.
467 3944 512 3997 Cf.
537 3943 642 3995 Scal.
659 3948 749 3994 Lectt.
769 3942 877 3992 Aaron.
897 3941 939 4004 ll,
960 3941 1027 4007 dp.
1048 3942 1106 3995 136.

168 4050 185 4100 5
219 4051 274 4118 Ep.
293 4045 360 4098 XV.
378 4043 423 4097 Cf.
441 4059 501 4108 sup
520 4039 637 4107 p.1t5.,'

166 4149 185 4200 t
219 4149 263 4199 De
284 4147 380 4212 Satyr.
394 4142 521 4212 poesip.
542 4138 612 4190 302.

604 4268 624 4329 9
