2580 4756
612 297 675 359 190

134 486 296 554 postrema
322 473 478 537 vocabula
507 473 627 535 iterum
652 470 781 541 Claudii
803 472 917 538 Rutilii
939 479 1131 543 mentionem

134 594 239 656 iacere
257 612 311 654 me
335 603 482 655 monent.
523 590 610 655 Haec
633 591 721 655 enim
742 595 829 674 apud
852 593 947 657 illum
969 598 1009 658 de
1030 597 1131 661 Deeie:

179 705 259 772 Neci
282 709 367 772 elim
390 710 486 770 sueri
499 709 731 793 justissimus
756 710 891 773 arbiter
916 716 1003 775 arari

226 824 526 888 Cireamstereatee
548 825 704 910 reppulit
723 825 934 911 Harpyias?

179 941 380 1026 Harpyias,
405 965 556 1027 quaerum
576 941 774 1028 decerpitur
799 945 977 1032 unguibus
1000 945 1112 1023 eriis,

227 1061 322 1144 Quae
337 1059 421 1144 pede
442 1060 622 1146 glutineo,
648 1060 738 1144 qued
760 1065 926 1150 tetigere,
952 1066 1117 1142 trabunt,

182 1178 277 1262 Quae
291 1178 420 1241 luseram
428 1176 574 1262 fuciunt
588 1175 738 1264 Argum,
754 1202 839 1264 quae
852 1180 987 1265 Lyncea
1000 1206 1135 1261 eumuna

224 1294 323 1359 Inter
345 1294 498 1359 eusteries
516 1295 661 1380 prebliea
676 1295 786 1382 serta
813 1299 942 1363 noiant.

179 1411 245 1476 Sed
266 1435 334 1474 eren
355 1410 536 1490 Lucillum
557 1410 726 1477 Briareia
745 1415 879 1500 praetia
891 1416 1059 1503 fefellit,

229 1529 355 1614 Totque
370 1530 482 1592 simui
504 1529 666 1593 menthae
689 1535 827 1595 restitit
849 1555 920 1597 urea
944 1534 1099 1599 stranieri.

138 1648 319 1734 Harpyias
339 1648 393 1710 iiic
414 1648 597 1711 nominatos
618 1648 763 1712 videmus
787 1653 988 1732 praefectos,
1014 1652 1070 1735 qui
1088 1671 1135 1713 ue·

137 1764 223 1828 fariis
254 1764 421 1827 fraudibus
445 1765 561 1827 fiscum
582 1763 754 1846 publicum
776 1765 971 1847 spoliabant.
1015 1765 1068 1829 Ita
1087 1765 1134 1828 iu·

137 1883 256 1947 venalis
279 1905 440 1967 rapacem
466 1881 607 1944 Celaeno
630 1882 783 1964 praesidis
805 1885 974 1947 cohortem
1000 1885 1135 1967 appella-

137 1999 224 2065 viti.
271 1997 435 2063 Glutirtee
450 1997 534 2084 pede
556 1998 699 2062 trahere
714 1999 849 2074 dicitur,
871 2013 908 2062 ut
930 1999 1058 2065 Lucilio
1077 2003 1136 2063 eis‘

138 2121 233 2179 catis
266 2117 428 2179 trieribus
464 2115 553 2203 leget
585 2116 741 2187 emreiai.
786 2114 960 2181 Briariia
990 2117 1136 2203 praeda,

139 2256 222 2317 quae
245 2255 311 2296 non
325 2234 419 2296 latuit
437 2232 622 2308 Lucillum,
644 2247 719 2317 suut
738 2233 882 2318 ingentes
902 2234 980 2297 istae
999 2235 1136 2307 divitiae,

139 2366 298 2434 tanquam
327 2375 346 2414 a
374 2350 526 2425 Briareo,
563 2350 748 2414 centimano
775 2349 937 2437 Gigante,
960 2352 1102 2436 undique
1122 2373 1137 2412 a

138 2467 384 2551 provinciarum
409 2467 608 2551 praesidibus
626 2469 792 2532 conflatae.
817 2467 917 2532 Totus
934 2467 1038 2559 igitur
1061 2472 1138 2532 locus

89 2577 94 2584 ’
129 2585 337 2669 'apertissime
356 2585 494 2659 indicat,
519 2583 683 2649 Lucilium
706 2583 761 2648 hie
780 2583 962 2647 Lucillum
977 2607 996 2649 a
1014 2585 1141 2650 Claudio

137 2704 280 2779 dietum,
308 2704 396 2787 qued
435 2701 510 2765 fecit
544 2699 642 2764 metri
676 2703 807 2765 fortasse
842 2703 953 2776 causti,
989 2703 1139 2785 producti

138 2817 407 2904 quippesecundi
420 2816 487 2881 veri
505 2816 645 2879 nominis
657 2817 790 2902 syllabi.
805 2815 939 2900 Optime
951 2835 1062 2883 autem
1076 2820 1142 2883 inde

136 2957 204 3000 non
220 2938 343 3011 solum,
360 2949 483 3018 quanta
504 2934 534 2998 vi
557 2934 770 3017 rapacitatem
783 2936 877 2999 istam
896 2937 960 3005 late
982 2950 1138 3019 patentem

139 3052 310 3117 insectatus
333 3052 397 3127 sit,
431 3048 648 3133 perspicitur,
674 3055 728 3115 sed
753 3051 850 3116 etiam
872 3050 1047 3121 Ammiani
1062 3051 1142 3115 Mar·

134 3292 202 3344 gum
219 3272 383 3339 appeliatum
403 3289 460 3322 csse
479 3279 603 3326 testetur.
622 3271 768 3326 Manifesta
790 3273 874 3342 igitur
892 3292 906 3323 a
925 3273 1080 3329 ltueiiiode
1092 3293 1142 3342 pu·

137 3370 252 3422 blicauis
276 3366 431 3423 decumanis
453 3370 540 3420 tacete
560 3376 716 3436 usurpatum
742 3377 805 3434 est,
831 3369 933 3439 quippe
955 3372 1098 3438 rapacibus
1119 3378 1143 3422 et

137 3467 225 3535 legum
235 3466 407 3517 severitatem
421 3473 507 3516 astute
522 3467 795 3534 subterfugientibus.
819 3469 883 3518 Sos
891 3469 902 3516 i
905 3486 938 3537 p.
959 3468 1062 3520 Cher.
1074 3473 1144 3520 last·

142 3561 218 3615 Gn!
240 3582 265 3628 p.
278 3561 321 3630 75.
341 3561 386 3613 cf.
403 3579 429 3626 p.
445 3576 514 3630 120,
533 3563 579 3612 ubi
593 3561 736 3615 Ciceronis
753 3564 781 3612 in
797 3561 921 3615 Pisonem
938 3565 1022 3625 verba
1041 3565 1142 3616 laudate

137 3657 281 3709 vulturius
298 3656 379 3707 iilius
393 3660 567 3726 provincias.
597 3657 642 3711 Ci.
671 3663 810 3711 Densa
837 3659 875 3709 ad
891 3661 960 3710 Luc.
974 3661 1021 3730 fr·
1041 3679 1067 3726 p.
1089 3677 1142 3727 107.

173 3769 183 3802 r
222 3755 324 3803 itiner.
342 3770 381 3803 rs.
399 3755 447 3820 607
467 3772 527 3822 sqq.
547 3754 591 3804 Ci'.
616 3757 781 3810 Werusd.
801 3755 854 3811 tt.
878 3756 1141 3822 (sup.p.130,236)

137 3860 158 3901 t.
179 3847 218 3908 V,
243 3866 268 3912 p.
292 3848 343 3898 182
365 3865 428 3915 sqq.

171 3965 186 3996 ι
225 3945 288 3995 Ser.
309 3940 396 4004 Vibi,
421 3943 479 3994 tio.

168 4039 184 4090 3
220 4036 498 4106 Fragmxxvttt,
520 4039 545 4092 5.
