<?xml version="1.0" encoding="UTF-8"?>
<!DOCTYPE html PUBLIC "-//W3C//DTD XHTML 1.0 Transitional//EN"
    "http://www.w3.org/TR/xhtml1/DTD/xhtml1-transitional.dtd">
<html xmlns="http://www.w3.org/1999/xhtml" xml:lang="en" lang="en">
 <head>
  <title>
</title>
<meta http-equiv="Content-Type" content="text/html;charset=utf-8" />
  <meta name='ocr-system' content='tesseract 3.04.00' />
  <meta name='ocr-capabilities' content='ocr_page ocr_carea ocr_par ocr_line ocrx_word'/>
</head>
<body>
  <div class='ocr_page' id='page_1' title='image "./studiacriticain00heusgoog_0191.png"; bbox 0 0 2580 4756; ppageno 0'>
   <div class='ocr_carea' id='block_1_1' title="bbox 692 316 753 384">
    <p class='ocr_par' dir='ltr' id='par_1_1' title="bbox 692 316 753 384">
     <span class='ocr_line' id='line_1_1' title="bbox 692 316 753 384; baseline 0 0"><span class='ocrx_word' id='word_1_1' title='bbox 692 316 753 384; x_wconf 80' lang='lat' dir='ltr'><strong>tao</strong></span> 
     </span>
    </p>
   </div>
   <div class='ocr_carea' id='block_1_2' title="bbox 193 485 1214 3752">
    <p class='ocr_par' dir='ltr' id='par_1_2' title="bbox 206 485 1213 918">
     <span class='ocr_line' id='line_1_2' title="bbox 206 485 1212 588; baseline -0.005 -22"><span class='ocrx_word' id='word_1_2' title='bbox 206 485 372 588; x_wconf 86' lang='lat' dir='ltr'><strong>quemque</strong></span> <span class='ocrx_word' id='word_1_3' title='bbox 410 503 511 564; x_wconf 78' lang='lat' dir='ltr'><strong>vitam</strong></span> <span class='ocrx_word' id='word_1_4' title='bbox 549 499 787 580; x_wconf 83' lang='lat' dir='ltr'><strong>conscripsisse,</strong></span> <span class='ocrx_word' id='word_1_5' title='bbox 820 499 865 560; x_wconf 91' lang='lat' dir='ltr'><strong>ita</strong></span> <span class='ocrx_word' id='word_1_6' title='bbox 889 500 929 560; x_wconf 89' lang='lat' dir='ltr'><strong>ad</strong></span> <span class='ocrx_word' id='word_1_7' title='bbox 954 499 1212 562; x_wconf 87' lang='lat' dir='ltr'><strong>confirmandum</strong></span> 
     </span>
     <span class='ocr_line' id='line_1_3' title="bbox 207 610 1213 702; baseline -0.006 -18"><span class='ocrx_word' id='word_1_8' title='bbox 207 623 306 694; x_wconf 90' lang='lat' dir='ltr'>illud,</span> <span class='ocrx_word' id='word_1_9' title='bbox 342 620 430 702; x_wconf 88' lang='lat' dir='ltr'><strong>quod</strong></span> <span class='ocrx_word' id='word_1_10' title='bbox 454 639 471 682; x_wconf 88' lang='lat' dir='ltr'><strong>a</strong></span> <span class='ocrx_word' id='word_1_11' title='bbox 494 617 589 680; x_wconf 83' lang='lat' dir='ltr'><strong>Persii</strong></span> <span class='ocrx_word' id='word_1_12' title='bbox 613 617 679 679; x_wconf 83' lang='lat' dir='ltr'><strong>rita</strong></span> <span class='ocrx_word' id='word_1_13' title='bbox 706 615 855 697; x_wconf 86' lang='lat' dir='ltr'><strong>suspicati</strong></span> <span class='ocrx_word' id='word_1_14' title='bbox 881 636 1015 690; x_wconf 80' lang='lat' dir='ltr'>sumus,</span> <span class='ocrx_word' id='word_1_15' title='bbox 1053 610 1213 680; x_wconf 80' lang='lat' dir='ltr'>Lucilium</span> 
     </span>
     <span class='ocr_line' id='line_1_4' title="bbox 206 732 1213 818; baseline -0.004 -18"><span class='ocrx_word' id='word_1_16' title='bbox 206 736 334 800; x_wconf 90' lang='lat' dir='ltr'><strong>decimo</strong></span> <span class='ocrx_word' id='word_1_17' title='bbox 362 735 564 818; x_wconf 83' lang='lat' dir='ltr'><strong>potissimum</strong></span> <span class='ocrx_word' id='word_1_18' title='bbox 595 733 680 796; x_wconf 88' lang='lat' dir='ltr'><strong>libro</strong></span> <span class='ocrx_word' id='word_1_19' title='bbox 702 735 742 796; x_wconf 95' lang='lat' dir='ltr'><strong>de</strong></span> <span class='ocrx_word' id='word_1_20' title='bbox 770 753 803 794; x_wconf 86' lang='lat' dir='ltr'><strong>se</strong></span> <span class='ocrx_word' id='word_1_21' title='bbox 831 732 1032 796; x_wconf 82' lang='lat' dir='ltr'><strong>mentionem</strong></span> <span class='ocrx_word' id='word_1_22' title='bbox 1053 733 1213 817; x_wconf 77' lang='lat' dir='ltr'><strong>injecisse,</strong></span> 
     </span>
     <span class='ocr_line' id='line_1_5' title="bbox 208 851 613 918; baseline -0.01 0"><span class='ocrx_word' id='word_1_23' title='bbox 208 856 315 918; x_wconf 86' lang='lat' dir='ltr'><strong>valent</strong></span> <span class='ocrx_word' id='word_1_24' title='bbox 337 851 463 917; x_wconf 84' lang='lat' dir='ltr'>Horatii</span> <span class='ocrx_word' id='word_1_25' title='bbox 484 872 613 916; x_wconf 81' lang='lat' dir='ltr'><strong>versus:</strong></span> 
     </span>
    </p>

    <p class='ocr_par' dir='ltr' id='par_1_3' title="bbox 249 966 1069 1056">
     <span class='ocr_line' id='line_1_6' title="bbox 249 966 1069 1056; baseline -0.004 -21"><span class='ocrx_word' id='word_1_26' title='bbox 249 968 320 1035; x_wconf 82' lang='lat' dir='ltr'><strong>Nil</strong></span> <span class='ocrx_word' id='word_1_27' title='bbox 340 972 447 1034; x_wconf 77' lang='lat' dir='ltr'><strong>cornis</strong></span> <span class='ocrx_word' id='word_1_28' title='bbox 473 971 611 1056; x_wconf 77' lang='lat' dir='ltr'><em>tragici</em></span> <span class='ocrx_word' id='word_1_29' title='bbox 631 979 746 1030; x_wconf 83' lang='lat' dir='ltr'><strong>mutat</strong></span> <span class='ocrx_word' id='word_1_30' title='bbox 771 966 935 1032; x_wconf 73' lang='lat' dir='ltr'><strong>Luciliue</strong></span> <span class='ocrx_word' id='word_1_31' title='bbox 955 966 1069 1032; x_wconf 81' lang='lat' dir='ltr'>Acci?</span> 
     </span>
    </p>

    <p class='ocr_par' dir='ltr' id='par_1_4' title="bbox 249 1085 1078 1172">
     <span class='ocr_line' id='line_1_7' title="bbox 249 1085 1078 1172; baseline -0.005 -20"><span class='ocrx_word' id='word_1_32' title='bbox 249 1086 328 1152; x_wconf 84' lang='lat' dir='ltr'><strong>Non</strong></span> <span class='ocrx_word' id='word_1_33' title='bbox 351 1087 444 1151; x_wconf 82' lang='lat' dir='ltr'><strong>ridet</strong></span> <span class='ocrx_word' id='word_1_34' title='bbox 463 1108 580 1150; x_wconf 76' lang='lat' dir='ltr'><strong>versus</strong></span> <span class='ocrx_word' id='word_1_35' title='bbox 601 1085 700 1148; x_wconf 78' lang='lat' dir='ltr'><strong>Enni</strong></span> <span class='ocrx_word' id='word_1_36' title='bbox 722 1088 904 1172; x_wconf 77' lang='lat' dir='ltr'><strong>gravitate</strong></span> <span class='ocrx_word' id='word_1_37' title='bbox 923 1088 1078 1149; x_wconf 76' lang='lat' dir='ltr'><strong>mitterer</strong></span> 
     </span>
    </p>

    <p class='ocr_par' dir='ltr' id='par_1_5' title="bbox 193 1201 1214 3752">
     <span class='ocr_line' id='line_1_8' title="bbox 250 1201 1184 1289; baseline -0.003 -20"><span class='ocrx_word' id='word_1_38' title='bbox 250 1205 334 1270; x_wconf 80' lang='lat' dir='ltr'><strong>Cum</strong></span> <span class='ocrx_word' id='word_1_39' title='bbox 358 1205 397 1268; x_wconf 85' lang='lat' dir='ltr'><strong>de</strong></span> <span class='ocrx_word' id='word_1_40' title='bbox 416 1227 450 1268; x_wconf 76' lang='lat' dir='ltr'><strong>ac</strong></span> <span class='ocrx_word' id='word_1_41' title='bbox 473 1204 631 1289; x_wconf 82' lang='lat' dir='ltr'><strong>loquitur</strong></span> <span class='ocrx_word' id='word_1_42' title='bbox 653 1224 720 1265; x_wconf 81' lang='lat' dir='ltr'><strong>non</strong></span> <span class='ocrx_word' id='word_1_43' title='bbox 737 1213 777 1265; x_wconf 84' lang='lat' dir='ltr'><strong>ut</strong></span> <span class='ocrx_word' id='word_1_44' title='bbox 797 1203 933 1288; x_wconf 77' lang='lat' dir='ltr'><strong>rncjcre</strong></span> <span class='ocrx_word' id='word_1_45' title='bbox 952 1201 1184 1288; x_wconf 79' lang='lat' dir='ltr'><strong>rcprcrm&#39;e?¹</strong></span> 
     </span>
     <span class='ocr_line' id='line_1_9' title="bbox 204 1321 1214 1405; baseline -0.004 -20"><span class='ocrx_word' id='word_1_46' title='bbox 204 1321 267 1386; x_wconf 89' lang='lat' dir='ltr'><strong>Hic</strong></span> <span class='ocrx_word' id='word_1_47' title='bbox 291 1323 326 1385; x_wconf 89' lang='lat' dir='ltr'><strong>in</strong></span> <span class='ocrx_word' id='word_1_48' title='bbox 357 1321 471 1404; x_wconf 84' lang='lat' dir='ltr'><strong>primis</strong></span> <span class='ocrx_word' id='word_1_49' title='bbox 489 1323 723 1384; x_wconf 86' lang='lat' dir='ltr'><strong>attendendum</strong></span> <span class='ocrx_word' id='word_1_50' title='bbox 744 1321 923 1405; x_wconf 81' lang='lat' dir='ltr'><strong>loquitur,</strong></span> <span class='ocrx_word' id='word_1_51' title='bbox 949 1323 1037 1403; x_wconf 92' lang='lat' dir='ltr'><strong>quod</strong></span> <span class='ocrx_word' id='word_1_52' title='bbox 1058 1321 1214 1402; x_wconf 78' lang='lat' dir='ltr'><strong>praesenti</strong></span> 
     </span>
     <span class='ocr_line' id='line_1_10' title="bbox 204 1435 1212 1522; baseline -0.001 -21"><span class='ocrx_word' id='word_1_53' title='bbox 204 1439 367 1502; x_wconf 81' lang='lat' dir='ltr'>indicativi</span> <span class='ocrx_word' id='word_1_54' title='bbox 401 1439 544 1521; x_wconf 78' lang='lat' dir='ltr'><strong>positum</strong></span> <span class='ocrx_word' id='word_1_55' title='bbox 564 1436 740 1522; x_wconf 79' lang='lat' dir='ltr'><strong>significat,</strong></span> <span class='ocrx_word' id='word_1_56' title='bbox 766 1435 957 1514; x_wconf 89' lang='lat' dir='ltr'>Lucilium,</span> <span class='ocrx_word' id='word_1_57' title='bbox 981 1457 1053 1520; x_wconf 87' lang='lat' dir='ltr'><strong>quo</strong></span> <span class='ocrx_word' id='word_1_58' title='bbox 1071 1439 1144 1500; x_wconf 87' lang='lat' dir='ltr'><strong>ioco</strong></span> <span class='ocrx_word' id='word_1_59' title='bbox 1162 1457 1212 1500; x_wconf 88' lang='lat' dir='ltr'><strong>ce·</strong></span> 
     </span>
     <span class='ocr_line' id='line_1_11' title="bbox 204 1552 1211 1636; baseline -0.001 -20"><span class='ocrx_word' id='word_1_60' title='bbox 204 1564 351 1617; x_wconf 84' lang='lat' dir='ltr'><strong>terarum</strong></span> <span class='ocrx_word' id='word_1_61' title='bbox 373 1559 546 1636; x_wconf 79' lang='lat' dir='ltr'><strong>poetarum</strong></span> <span class='ocrx_word' id='word_1_62' title='bbox 561 1573 711 1617; x_wconf 84' lang='lat' dir='ltr'><strong>severum</strong></span> <span class='ocrx_word' id='word_1_63' title='bbox 732 1575 765 1616; x_wconf 87' lang='lat' dir='ltr'><strong>se</strong></span> <span class='ocrx_word' id='word_1_64' title='bbox 773 1552 920 1636; x_wconf 88' lang='lat' dir='ltr'><strong>judicem</strong></span> <span class='ocrx_word' id='word_1_65' title='bbox 937 1555 1088 1636; x_wconf 88' lang='lat' dir='ltr'><strong>jactaret,</strong></span> <span class='ocrx_word' id='word_1_66' title='bbox 1103 1555 1211 1616; x_wconf 86' lang='lat' dir='ltr'><strong>eodem</strong></span> 
     </span>
     <span class='ocr_line' id='line_1_12' title="bbox 202 1669 1210 1754; baseline 0.001 -22"><span class='ocrx_word' id='word_1_67' title='bbox 202 1672 310 1752; x_wconf 82' lang='lat' dir='ltr'><strong>ipsum</strong></span> <span class='ocrx_word' id='word_1_68' title='bbox 336 1691 369 1734; x_wconf 87' lang='lat' dir='ltr'><strong>se</strong></span> <span class='ocrx_word' id='word_1_69' title='bbox 388 1671 449 1732; x_wconf 83' lang='lat' dir='ltr'><strong>illia</strong></span> <span class='ocrx_word' id='word_1_70' title='bbox 475 1672 656 1734; x_wconf 88' lang='lat' dir='ltr'><strong>verecunde</strong></span> <span class='ocrx_word' id='word_1_71' title='bbox 674 1669 895 1751; x_wconf 81' lang='lat' dir='ltr'><strong>postposuisse.</strong></span> <span class='ocrx_word' id='word_1_72' title='bbox 942 1669 1025 1736; x_wconf 83' lang='lat' dir='ltr'>Usus</span> <span class='ocrx_word' id='word_1_73' title='bbox 1044 1683 1092 1734; x_wconf 82' lang='lat' dir='ltr'><strong>est</strong></span> <span class='ocrx_word' id='word_1_74' title='bbox 1109 1672 1210 1754; x_wconf 75' lang='lat' dir='ltr'><strong>prole</strong></span> 
     </span>
     <span class='ocr_line' id='line_1_13' title="bbox 201 1786 1211 1874; baseline -0.002 -23"><span class='ocrx_word' id='word_1_75' title='bbox 201 1808 244 1874; x_wconf 70' lang='lat' dir='ltr'><strong>go</strong></span> <span class='ocrx_word' id='word_1_76' title='bbox 256 1788 391 1864; x_wconf 81' lang='lat' dir='ltr'><strong>Persius,</strong></span> <span class='ocrx_word' id='word_1_77' title='bbox 415 1809 486 1851; x_wconf 81' lang='lat' dir='ltr'><strong>suae</strong></span> <span class='ocrx_word' id='word_1_78' title='bbox 511 1800 548 1850; x_wconf 92' lang='lat' dir='ltr'><strong>ut</strong></span> <span class='ocrx_word' id='word_1_79' title='bbox 575 1788 716 1870; x_wconf 71' lang='lat' dir='ltr'><strong>poiticaa</strong></span> <span class='ocrx_word' id='word_1_80' title='bbox 737 1789 845 1850; x_wconf 83' lang='lat' dir='ltr'><strong>laudes</strong></span> <span class='ocrx_word' id='word_1_81' title='bbox 863 1788 1077 1852; x_wconf 79' lang='lat' dir='ltr'><strong>detrectaret:</strong></span> <span class='ocrx_word' id='word_1_82' title='bbox 1101 1786 1211 1854; x_wconf 86' lang='lat' dir='ltr'><strong>deinde</strong></span> 
     </span>
     <span class='ocr_line' id='line_1_14' title="bbox 202 1903 1210 1988; baseline 0 -20"><span class='ocrx_word' id='word_1_83' title='bbox 202 1905 311 1988; x_wconf 68' lang='lat' dir='ltr'><strong>primia</strong></span> <span class='ocrx_word' id='word_1_84' title='bbox 324 1905 421 1969; x_wconf 80' lang='lat' dir='ltr'><strong>satird</strong></span> <span class='ocrx_word' id='word_1_85' title='bbox 435 1904 554 1988; x_wconf 76' lang='lat' dir='ltr'><strong>carpsit</strong></span> <span class='ocrx_word' id='word_1_86' title='bbox 565 1927 647 1970; x_wconf 81' lang='lat' dir='ltr'><strong>vana</strong></span> <span class='ocrx_word' id='word_1_87' title='bbox 660 1919 693 1968; x_wconf 92' lang='lat' dir='ltr'><strong>et</strong></span> <span class='ocrx_word' id='word_1_88' title='bbox 705 1903 811 1967; x_wconf 83' lang='lat' dir='ltr'><strong>futilia</strong></span> <span class='ocrx_word' id='word_1_89' title='bbox 822 1905 998 1968; x_wconf 88' lang='lat' dir='ltr'><strong>hominum</strong></span> <span class='ocrx_word' id='word_1_90' title='bbox 1011 1905 1130 1970; x_wconf 82' lang='lat' dir='ltr'><strong>studia.</strong></span> <span class='ocrx_word' id='word_1_91' title='bbox 1153 1905 1210 1968; x_wconf 87' lang='lat' dir='ltr'><strong>Pa-</strong></span> 
     </span>
     <span class='ocr_line' id='line_1_15' title="bbox 201 2006 1210 2106; baseline -0.002 -19"><span class='ocrx_word' id='word_1_92' title='bbox 201 2025 280 2087; x_wconf 82' lang='lat' dir='ltr'><strong>riter</strong></span> <span class='ocrx_word' id='word_1_93' title='bbox 298 2023 376 2087; x_wconf 85' lang='lat' dir='ltr'><strong>asui</strong></span> <span class='ocrx_word' id='word_1_94' title='bbox 389 2023 557 2086; x_wconf 85' lang='lat' dir='ltr'><strong>mentione</strong></span> <span class='ocrx_word' id='word_1_95' title='bbox 568 2042 697 2085; x_wconf 82' lang='lat' dir='ltr'><strong>exorsus</strong></span> <span class='ocrx_word' id='word_1_96' title='bbox 710 2021 852 2085; x_wconf 78' lang='lat' dir='ltr'>Lucilius</span> <span class='ocrx_word' id='word_1_97' title='bbox 864 2023 1020 2106; x_wconf 82' lang='lat' dir='ltr'><strong>digressus</strong></span> <span class='ocrx_word' id='word_1_98' title='bbox 1032 2006 1160 2087; x_wconf 87' lang='lat' dir='ltr'><strong>videtur</strong></span> <span class='ocrx_word' id='word_1_99' title='bbox 1175 2024 1210 2085; x_wconf 87' lang='lat' dir='ltr'><strong>ad</strong></span> 
     </span>
     <span class='ocr_line' id='line_1_16' title="bbox 200 2139 1209 2223; baseline 0 -19"><span class='ocrx_word' id='word_1_100' title='bbox 200 2154 322 2205; x_wconf 78' lang='lat' dir='ltr'><strong>veteres</strong></span> <span class='ocrx_word' id='word_1_101' title='bbox 341 2145 451 2222; x_wconf 81' lang='lat' dir='ltr'><strong>poetas</strong></span> <span class='ocrx_word' id='word_1_102' title='bbox 464 2140 594 2203; x_wconf 83' lang='lat' dir='ltr'><strong>Latinos</strong></span> <span class='ocrx_word' id='word_1_103' title='bbox 609 2141 792 2215; x_wconf 84' lang='lat' dir='ltr'><strong>censendos,</strong></span> <span class='ocrx_word' id='word_1_104' title='bbox 808 2142 899 2223; x_wconf 81' lang='lat' dir='ltr'>cujus</span> <span class='ocrx_word' id='word_1_105' title='bbox 919 2141 965 2203; x_wconf 87' lang='lat' dir='ltr'><strong>rei</strong></span> <span class='ocrx_word' id='word_1_106' title='bbox 979 2139 1116 2204; x_wconf 85' lang='lat' dir='ltr'><strong>initium</strong></span> <span class='ocrx_word' id='word_1_107' title='bbox 1129 2144 1209 2204; x_wconf 85' lang='lat' dir='ltr'><strong>fece-</strong></span> 
     </span>
     <span class='ocr_line' id='line_1_17' title="bbox 198 2255 1203 2340; baseline -0.001 -17"><span class='ocrx_word' id='word_1_108' title='bbox 198 2272 250 2324; x_wconf 89' lang='lat' dir='ltr'><strong>rat</strong></span> <span class='ocrx_word' id='word_1_109' title='bbox 262 2259 348 2322; x_wconf 92' lang='lat' dir='ltr'><strong>libro</strong></span> <span class='ocrx_word' id='word_1_110' title='bbox 357 2256 454 2321; x_wconf 90' lang='lat' dir='ltr'><strong>tertio</strong></span> <span class='ocrx_word' id='word_1_111' title='bbox 466 2269 498 2320; x_wconf 88' lang='lat' dir='ltr'><strong>et</strong></span> <span class='ocrx_word' id='word_1_112' title='bbox 510 2276 606 2319; x_wconf 91' lang='lat' dir='ltr'><strong>nono.</strong></span> <span class='ocrx_word' id='word_1_113' title='bbox 632 2255 671 2318; x_wconf 91' lang='lat' dir='ltr'><strong>In</strong></span> <span class='ocrx_word' id='word_1_114' title='bbox 684 2256 803 2339; x_wconf 82' lang='lat' dir='ltr'>quibus</span> <span class='ocrx_word' id='word_1_115' title='bbox 815 2256 1020 2339; x_wconf 79' lang='lat' dir='ltr'><strong>potissimum</strong></span> <span class='ocrx_word' id='word_1_116' title='bbox 1034 2258 1139 2340; x_wconf 71' lang='lat' dir='ltr'><strong>potitis</strong></span> <span class='ocrx_word' id='word_1_117' title='bbox 1147 2280 1203 2322; x_wconf 82' lang='lat' dir='ltr'><strong>caa-</strong></span> 
     </span>
     <span class='ocr_line' id='line_1_18' title="bbox 198 2373 1209 2462; baseline 0 -22"><span class='ocrx_word' id='word_1_118' title='bbox 198 2375 335 2462; x_wconf 73' lang='lat' dir='ltr'><strong>tigandis</strong></span> <span class='ocrx_word' id='word_1_119' title='bbox 346 2388 488 2439; x_wconf 82' lang='lat' dir='ltr'><strong>versatus</strong></span> <span class='ocrx_word' id='word_1_120' title='bbox 499 2373 550 2446; x_wconf 82' lang='lat' dir='ltr'><strong>ait,</strong></span> <span class='ocrx_word' id='word_1_121' title='bbox 563 2381 754 2459; x_wconf 74' lang='lat' dir='ltr'><strong>cognoscere</strong></span> <span class='ocrx_word' id='word_1_122' title='bbox 767 2375 841 2438; x_wconf 88' lang='lat' dir='ltr'><strong>licet</strong></span> <span class='ocrx_word' id='word_1_123' title='bbox 854 2396 930 2440; x_wconf 90' lang='lat' dir='ltr'><strong>cum</strong></span> <span class='ocrx_word' id='word_1_124' title='bbox 944 2396 984 2438; x_wconf 87' lang='lat' dir='ltr'><strong>ex</strong></span> <span class='ocrx_word' id='word_1_125' title='bbox 993 2373 1122 2440; x_wconf 86' lang='lat' dir='ltr'><strong>Horatii</strong></span> <span class='ocrx_word' id='word_1_126' title='bbox 1133 2378 1209 2450; x_wconf 83' lang='lat' dir='ltr'><strong>loco,</strong></span> 
     </span>
     <span class='ocr_line' id='line_1_19' title="bbox 198 2491 1208 2577; baseline 0.002 -22"><span class='ocrx_word' id='word_1_127' title='bbox 198 2491 661 2577; x_wconf 64' lang='lat' dir='ltr'><strong>quinceiumetEnnium</strong></span> <span class='ocrx_word' id='word_1_128' title='bbox 683 2506 865 2569; x_wconf 89' lang='lat' dir='ltr'><strong>memorat,</strong></span> <span class='ocrx_word' id='word_1_129' title='bbox 888 2492 1134 2557; x_wconf 80' lang='lat' dir='ltr'><strong>tumex&#39;Geilii</strong></span> <span class='ocrx_word' id='word_1_130' title='bbox 1155 2507 1208 2558; x_wconf 73' lang='lat' dir='ltr'><strong>tce·</strong></span> 
     </span>
     <span class='ocr_line' id='line_1_20' title="bbox 197 2608 1209 2698; baseline 0 -24"><span class='ocrx_word' id='word_1_131' title='bbox 197 2610 345 2688; x_wconf 86' lang='lat' dir='ltr'><strong>timonio,</strong></span> <span class='ocrx_word' id='word_1_132' title='bbox 359 2610 416 2674; x_wconf 93' lang='lat' dir='ltr'><strong>ubi</strong></span> <span class='ocrx_word' id='word_1_133' title='bbox 429 2608 1209 2698; x_wconf 83' lang='lat' dir='ltr'><strong>praeteriilosCaeciliua,Terentius(Afra-</strong></span> 
     </span>
     <span class='ocr_line' id='line_1_21' title="bbox 197 2726 1206 2814; baseline -0.002 -21"><span class='ocrx_word' id='word_1_134' title='bbox 197 2726 298 2814; x_wconf 82' lang='lat' dir='ltr'><strong>nius)</strong></span> <span class='ocrx_word' id='word_1_135' title='bbox 322 2744 355 2794; x_wconf 90' lang='lat' dir='ltr'><strong>et</strong></span> <span class='ocrx_word' id='word_1_136' title='bbox 386 2729 580 2793; x_wconf 86' lang='lat' dir='ltr'>Pacuvius</span> <span class='ocrx_word' id='word_1_137' title='bbox 605 2728 828 2793; x_wconf 68' lang='lat' dir='ltr'><strong>indicantur-2.</strong></span> <span class='ocrx_word' id='word_1_138' title='bbox 873 2728 1206 2793; x_wconf 79' lang='lat' dir='ltr'><strong>Animadvertendum</strong></span> 
     </span>
     <span class='ocr_line' id='line_1_22' title="bbox 197 2847 1206 2922; baseline -0.002 -11"><span class='ocrx_word' id='word_1_139' title='bbox 197 2862 242 2912; x_wconf 84' lang='lat' dir='ltr'><strong>cst</strong></span> <span class='ocrx_word' id='word_1_140' title='bbox 251 2886 296 2897; x_wconf 91' lang='lat'><strong>--</strong></span> <span class='ocrx_word' id='word_1_141' title='bbox 308 2850 406 2910; x_wconf 92' lang='lat' dir='ltr'><strong>modo</strong></span> <span class='ocrx_word' id='word_1_142' title='bbox 414 2849 494 2910; x_wconf 80' lang='lat' dir='ltr'><strong>fides</strong></span> <span class='ocrx_word' id='word_1_143' title='bbox 506 2847 654 2910; x_wconf 87' lang='lat' dir='ltr'><strong>habenda</strong></span> <span class='ocrx_word' id='word_1_144' title='bbox 665 2847 851 2921; x_wconf 71' lang='lat' dir='ltr'><strong>simonae,</strong></span> <span class='ocrx_word' id='word_1_145' title='bbox 863 2847 973 2911; x_wconf 82' lang='lat' dir='ltr'><strong>Isidori</strong></span> <span class='ocrx_word' id='word_1_146' title='bbox 989 2848 1206 2922; x_wconf 79' lang='lat' dir='ltr'><strong>testimonium</strong></span> 
     </span>
     <span class='ocr_line' id='line_1_23' title="bbox 196 2961 1206 3050; baseline -0.002 -22"><span class='ocrx_word' id='word_1_147' title='bbox 196 2966 280 3028; x_wconf 80' lang='lat' dir='ltr'><strong>mihi</strong></span> <span class='ocrx_word' id='word_1_148' title='bbox 303 2965 454 3050; x_wconf 76' lang='lat' dir='ltr'><strong>ignotum</strong></span> <span class='ocrx_word' id='word_1_149' title='bbox 476 2961 663 3029; x_wconf 85' lang='lat' dir='ltr'><strong>exhibenti3</strong></span> <span class='ocrx_word' id='word_1_150' title='bbox 675 3002 721 3012; x_wconf 95' lang='lat'><strong>—</strong></span> <span class='ocrx_word' id='word_1_151' title='bbox 741 2965 905 3027; x_wconf 85' lang='lat' dir='ltr'><strong>diversum</strong></span> <span class='ocrx_word' id='word_1_152' title='bbox 927 2964 1003 3027; x_wconf 89' lang='lat' dir='ltr'><strong>libri</strong></span> <span class='ocrx_word' id='word_1_153' title='bbox 1017 2965 1095 3027; x_wconf 92' lang='lat' dir='ltr'><strong>noni</strong></span> <span class='ocrx_word' id='word_1_154' title='bbox 1108 2979 1141 3029; x_wconf 92' lang='lat' dir='ltr'><strong>et</strong></span> <span class='ocrx_word' id='word_1_155' title='bbox 1159 2968 1206 3028; x_wconf 89' lang='lat' dir='ltr'><strong>de-</strong></span> 
     </span>
     <span class='ocr_line' id='line_1_24' title="bbox 196 3078 1206 3169; baseline -0.003 -24"><span class='ocrx_word' id='word_1_156' title='bbox 196 3083 531 3166; x_wconf 72' lang='lat' dir='ltr'><strong>cimiargumentum</strong></span> <span class='ocrx_word' id='word_1_157' title='bbox 553 3079 658 3144; x_wconf 81' lang='lat' dir='ltr'><strong>fuisse.</strong></span> <span class='ocrx_word' id='word_1_158' title='bbox 694 3078 778 3144; x_wconf 89' lang='lat' dir='ltr'><strong>Nam</strong></span> <span class='ocrx_word' id='word_1_159' title='bbox 803 3093 840 3169; x_wconf 87' lang='lat' dir='ltr'><strong>ut</strong></span> <span class='ocrx_word' id='word_1_160' title='bbox 860 3080 926 3144; x_wconf 88' lang='lat' dir='ltr'>illic</span> <span class='ocrx_word' id='word_1_161' title='bbox 951 3080 1126 3163; x_wconf 84' lang='lat' dir='ltr'><strong>praecipue</strong></span> <span class='ocrx_word' id='word_1_162' title='bbox 1146 3081 1206 3142; x_wconf 90' lang='lat' dir='ltr'><strong>im·</strong></span> 
     </span>
     <span class='ocr_line' id='line_1_25' title="bbox 196 3197 1207 3282; baseline 0 -21"><span class='ocrx_word' id='word_1_163' title='bbox 196 3198 348 3280; x_wconf 87' lang='lat' dir='ltr'><strong>peritiam</strong></span> <span class='ocrx_word' id='word_1_164' title='bbox 379 3197 592 3260; x_wconf 88' lang='lat' dir='ltr'><strong>librariorum</strong></span> <span class='ocrx_word' id='word_1_165' title='bbox 613 3197 634 3261; x_wconf 93' lang='lat' dir='ltr'><strong>i.</strong></span> <span class='ocrx_word' id='word_1_166' title='bbox 653 3220 681 3262; x_wconf 89' lang='lat' dir='ltr'><strong>e.</strong></span> <span class='ocrx_word' id='word_1_167' title='bbox 703 3219 819 3262; x_wconf 90' lang='lat' dir='ltr'><strong>eorum</strong></span> <span class='ocrx_word' id='word_1_168' title='bbox 842 3197 898 3282; x_wconf 93' lang='lat' dir='ltr'><strong>qui</strong></span> <span class='ocrx_word' id='word_1_169' title='bbox 919 3203 1094 3280; x_wconf 73' lang='lat' dir='ltr'><strong>petitarum</strong></span> <span class='ocrx_word' id='word_1_170' title='bbox 1115 3198 1207 3261; x_wconf 78' lang='lat' dir='ltr'><strong>libror</strong></span> 
     </span>
     <span class='ocr_line' id='line_1_26' title="bbox 196 3314 1207 3398; baseline -0.003 -18"><span class='ocrx_word' id='word_1_171' title='bbox 196 3318 452 3398; x_wconf 77' lang='lat' dir='ltr'><strong>descripserunt,</strong></span> <span class='ocrx_word' id='word_1_172' title='bbox 473 3316 629 3380; x_wconf 85' lang='lat' dir='ltr'><strong>refutavit</strong></span> <span class='ocrx_word' id='word_1_173' title='bbox 648 3329 802 3381; x_wconf 84' lang='lat' dir='ltr'><strong>etveram</strong></span> <span class='ocrx_word' id='word_1_174' title='bbox 816 3316 1017 3398; x_wconf 79' lang='lat' dir='ltr'><strong>scripturam·</strong></span> <span class='ocrx_word' id='word_1_175' title='bbox 1034 3314 1207 3387; x_wconf 70' lang='lat' dir='ltr'><strong>constituit,</strong></span> 
     </span>
     <span class='ocr_line' id='line_1_27' title="bbox 193 3432 1206 3517; baseline -0.006 -18"><span class='ocrx_word' id='word_1_176' title='bbox 193 3456 254 3500; x_wconf 91' lang='lat' dir='ltr'><strong>nec</strong></span> <span class='ocrx_word' id='word_1_177' title='bbox 284 3433 344 3498; x_wconf 80' lang='lat' dir='ltr'><strong>nisi</strong></span> <span class='ocrx_word' id='word_1_178' title='bbox 368 3434 477 3498; x_wconf 82' lang='lat' dir='ltr'><strong>oblata</strong></span> <span class='ocrx_word' id='word_1_179' title='bbox 506 3434 753 3517; x_wconf 84' lang='lat' dir='ltr'><strong>opportunitate</strong></span> <span class='ocrx_word' id='word_1_180' title='bbox 778 3437 889 3517; x_wconf 81' lang='lat' dir='ltr'><strong>poiitaa</strong></span> <span class='ocrx_word' id='word_1_181' title='bbox 912 3433 1046 3516; x_wconf 85' lang='lat' dir='ltr'><strong>petivit,</strong></span> <span class='ocrx_word' id='word_1_182' title='bbox 1081 3432 1128 3496; x_wconf 88' lang='lat' dir='ltr'><strong>ita</strong></span> <span class='ocrx_word' id='word_1_183' title='bbox 1157 3432 1206 3494; x_wconf 90' lang='lat' dir='ltr'><strong>de·</strong></span> 
     </span>
     <span class='ocr_line' id='line_1_28' title="bbox 194 3549 1207 3634; baseline -0.005 -18"><span class='ocrx_word' id='word_1_184' title='bbox 194 3551 282 3617; x_wconf 90' lang='lat' dir='ltr'><strong>cimo</strong></span> <span class='ocrx_word' id='word_1_185' title='bbox 305 3552 339 3615; x_wconf 89' lang='lat' dir='ltr'><strong>in</strong></span> <span class='ocrx_word' id='word_1_186' title='bbox 361 3551 581 3615; x_wconf 74' lang='lat' dir='ltr'><strong>obtrectandis</strong></span> <span class='ocrx_word' id='word_1_187' title='bbox 615 3551 691 3634; x_wconf 84' lang='lat' dir='ltr'><strong>ipsis</strong></span> <span class='ocrx_word' id='word_1_188' title='bbox 716 3554 890 3634; x_wconf 81' lang='lat' dir='ltr'><strong>poetarum</strong></span> <span class='ocrx_word' id='word_1_189' title='bbox 913 3549 1114 3615; x_wconf 80' lang='lat' dir='ltr'><strong>carminibus</strong></span> <span class='ocrx_word' id='word_1_190' title='bbox 1136 3568 1207 3614; x_wconf 83' lang='lat' dir='ltr'><strong>vcr-</strong></span> 
     </span>
     <span class='ocr_line' id='line_1_29' title="bbox 193 3652 1207 3752; baseline -0.003 -18"><span class='ocrx_word' id='word_1_191' title='bbox 193 3682 279 3734; x_wconf 77' lang='lat' dir='ltr'><strong>catus</strong></span> <span class='ocrx_word' id='word_1_192' title='bbox 304 3668 435 3734; x_wconf 87' lang='lat' dir='ltr'><strong>dicitur.</strong></span> <span class='ocrx_word' id='word_1_193' title='bbox 481 3666 579 3750; x_wconf 86' lang='lat' dir='ltr'><strong>Quod</strong></span> <span class='ocrx_word' id='word_1_194' title='bbox 602 3682 712 3733; x_wconf 90' lang='lat' dir='ltr'><strong>autem</strong></span> <span class='ocrx_word' id='word_1_195' title='bbox 742 3690 841 3752; x_wconf 83' lang='lat' dir='ltr'><strong>cupra</strong></span> <span class='ocrx_word' id='word_1_196' title='bbox 876 3652 1067 3734; x_wconf 73' lang='lat' dir='ltr'><strong>monuimui</strong></span> <span class='ocrx_word' id='word_1_197' title='bbox 1093 3671 1135 3733; x_wconf 87' lang='lat' dir='ltr'><strong>de</strong></span> <span class='ocrx_word' id='word_1_198' title='bbox 1154 3687 1207 3731; x_wconf 89' lang='lat' dir='ltr'><strong>co·</strong></span> 
     </span>
    </p>
   </div>
   <div class='ocr_carea' id='block_1_3' title="bbox 207 3818 463 3828">
    <p class='ocr_par' dir='ltr' id='par_1_6' title="bbox 207 3818 463 3828">
     <span class='ocr_line' id='line_1_30' title="bbox 207 3818 463 3828; baseline 0.008 -2"><span class='ocrx_word' id='word_1_199' title='bbox 207 3819 289 3827; x_wconf 73' lang='lat'><em>0--—-</em></span> <span class='ocrx_word' id='word_1_200' title='bbox 294 3818 463 3828; x_wconf 75' lang='lat'><strong>-—--—-—-</strong></span> 
     </span>
    </p>
   </div>
   <div class='ocr_carea' id='block_1_4' title="bbox 210 3854 972 4156">
    <p class='ocr_par' dir='ltr' id='par_1_7' title="bbox 210 3854 972 4156">
     <span class='ocr_line' id='line_1_31' title="bbox 210 3854 972 3963; baseline -0.004 -18"><span class='ocrx_word' id='word_1_201' title='bbox 210 3854 240 3945; x_wconf 39' lang='grc' dir='ltr'><strong>μι</strong></span> <span class='ocrx_word' id='word_1_202' title='bbox 280 3890 348 3956; x_wconf 83' lang='lat' dir='ltr'><strong>sup.</strong></span> <span class='ocrx_word' id='word_1_203' title='bbox 374 3908 400 3956; x_wconf 86' lang='lat' dir='ltr'><strong>p.</strong></span> <span class='ocrx_word' id='word_1_204' title='bbox 426 3909 470 3960; x_wconf 85' lang='lat'><strong>9⁰·</strong></span> <span class='ocrx_word' id='word_1_205' title='bbox 506 3893 549 3943; x_wconf 73' lang='lat' dir='ltr'>(Ii.</span> <span class='ocrx_word' id='word_1_206' title='bbox 569 3895 725 3963; x_wconf 75' lang='lat' dir='ltr'><strong>Madvig.</strong></span> <span class='ocrx_word' id='word_1_207' title='bbox 748 3899 848 3963; x_wconf 71' lang='lat' dir='ltr'><strong>Opere.</strong></span> <span class='ocrx_word' id='word_1_208' title='bbox 869 3911 895 3959; x_wconf 92' lang='lat' dir='ltr'><strong>p.</strong></span> <span class='ocrx_word' id='word_1_209' title='bbox 921 3875 972 3945; x_wconf 67' lang='grc' dir='ltr'><strong>ιοὸ</strong></span> 
     </span>
     <span class='ocr_line' id='line_1_32' title="bbox 225 3987 509 4053; baseline 0.007 -13"><span class='ocrx_word' id='word_1_210' title='bbox 225 4004 242 4040; x_wconf 76' lang='lat' dir='ltr'><strong>a</strong></span> <span class='ocrx_word' id='word_1_211' title='bbox 279 3987 349 4040; x_wconf 84' lang='lat' dir='ltr'><strong>End.</strong></span> <span class='ocrx_word' id='word_1_212' title='bbox 369 4005 397 4053; x_wconf 88' lang='lat' dir='ltr'><strong>p.</strong></span> <span class='ocrx_word' id='word_1_213' title='bbox 417 3989 459 4052; x_wconf 84' lang='lat'><strong>18,</strong></span> <span class='ocrx_word' id='word_1_214' title='bbox 483 4006 509 4045; x_wconf 82' lang='lat'><strong>2.</strong></span> 
     </span>
     <span class='ocr_line' id='line_1_33' title="bbox 228 4082 564 4156; baseline 0 -16"><span class='ocrx_word' id='word_1_215' title='bbox 228 4087 245 4140; x_wconf 77' lang='lat' dir='ltr'><strong>t</strong></span> <span class='ocrx_word' id='word_1_216' title='bbox 281 4082 564 4156; x_wconf 78' lang='lat' dir='ltr'><strong>Eod.p.152‚172.</strong></span> 
     </span>
    </p>
   </div>
   <div class='ocr_carea' id='block_1_5' title="bbox 0 0 1294 4756">
    <p class='ocr_par' dir='ltr' id='par_1_8' title="bbox 0 0 1294 4756">
     <span class='ocr_line' id='line_1_34' title="bbox 0 0 1294 4756; baseline 0 4"><span class='ocrx_word' id='word_1_217' title='bbox 0 0 1294 4756; x_wconf 95' lang='lat' dir='ltr'><strong> </strong></span> 
     </span>
    </p>
   </div>
  </div>
 </body>
</html>
