<?xml version="1.0" encoding="UTF-8"?>
<!DOCTYPE html PUBLIC "-//W3C//DTD XHTML 1.0 Transitional//EN"
    "http://www.w3.org/TR/xhtml1/DTD/xhtml1-transitional.dtd">
<html xmlns="http://www.w3.org/1999/xhtml" xml:lang="en" lang="en">
 <head>
  <title>
</title>
<meta http-equiv="Content-Type" content="text/html;charset=utf-8" />
  <meta name='ocr-system' content='tesseract 3.04.00' />
  <meta name='ocr-capabilities' content='ocr_page ocr_carea ocr_par ocr_line ocrx_word'/>
</head>
<body>
  <div class='ocr_page' id='page_1' title='image "./studiacriticain00heusgoog_0279.png"; bbox 0 0 2580 4756; ppageno 0'>
   <div class='ocr_carea' id='block_1_1' title="bbox 629 368 693 430">
    <p class='ocr_par' dir='ltr' id='par_1_1' title="bbox 629 368 693 430">
     <span class='ocr_line' id='line_1_1' title="bbox 629 368 693 430; baseline 0.031 -2"><span class='ocrx_word' id='word_1_1' title='bbox 629 368 693 430; x_wconf 79' lang='lat'>268</span> 
     </span>
    </p>
   </div>
   <div class='ocr_carea' id='block_1_2' title="bbox 158 543 1208 626">
    <p class='ocr_par' dir='ltr' id='par_1_2' title="bbox 158 543 1208 626">
     <span class='ocr_line' id='line_1_2' title="bbox 158 543 1208 626; baseline -0.01 -13"><span class='ocrx_word' id='word_1_2' title='bbox 158 547 272 626; x_wconf 86' lang='lat' dir='ltr'>brare;</span> <span class='ocrx_word' id='word_1_3' title='bbox 311 546 431 619; x_wconf 87' lang='lat' dir='ltr'>verbu,</span> <span class='ocrx_word' id='word_1_4' title='bbox 468 566 526 625; x_wconf 88' lang='lat' dir='ltr'>par</span> <span class='ocrx_word' id='word_1_5' title='bbox 561 557 631 606; x_wconf 78' lang='lat' dir='ltr'>erat</span> <span class='ocrx_word' id='word_1_6' title='bbox 666 543 817 605; x_wconf 87' lang='lat' dir='ltr'>laudandi</span> <span class='ocrx_word' id='word_1_7' title='bbox 850 557 882 604; x_wconf 84' lang='lat' dir='ltr'>et</span> <span class='ocrx_word' id='word_1_8' title='bbox 924 545 1156 623; x_wconf 84' lang='lat' dir='ltr'>reprehenden-</span> <span class='ocrx_word' id='word_1_9' title='bbox 1206 596 1208 599; x_wconf 95' lang='lat'>.</span> 
     </span>
    </p>
   </div>
   <div class='ocr_carea' id='block_1_3' title="bbox 149 657 1156 987">
    <p class='ocr_par' dir='ltr' id='par_1_3' title="bbox 149 657 1156 987">
     <span class='ocr_line' id='line_1_3' title="bbox 153 657 1156 745; baseline -0.009 -16"><span class='ocrx_word' id='word_1_10' title='bbox 153 668 184 729; x_wconf 92' lang='lat' dir='ltr'>di</span> <span class='ocrx_word' id='word_1_11' title='bbox 207 667 347 728; x_wconf 84' lang='lat' dir='ltr'>libertas.</span> <span class='ocrx_word' id='word_1_12' title='bbox 399 661 590 745; x_wconf 79' lang='lat' dir='ltr'><strong>Quaesitum</strong></span> <span class='ocrx_word' id='word_1_13' title='bbox 620 669 689 733; x_wconf 85' lang='lat' dir='ltr'>est,</span> <span class='ocrx_word' id='word_1_14' title='bbox 725 661 811 720; x_wconf 86' lang='lat' dir='ltr'>unde</span> <span class='ocrx_word' id='word_1_15' title='bbox 844 657 1007 742; x_wconf 76' lang='lat' dir='ltr'>originem</span> <span class='ocrx_word' id='word_1_16' title='bbox 1042 659 1156 740; x_wconf 79' lang='lat' dir='ltr'>ceperit</span> 
     </span>
     <span class='ocr_line' id='line_1_4' title="bbox 154 750 1152 856; baseline -0.007 -13"><span class='ocrx_word' id='word_1_17' title='bbox 154 783 204 845; x_wconf 82' lang='lat' dir='ltr'>uic</span> <span class='ocrx_word' id='word_1_18' title='bbox 224 801 306 844; x_wconf 91' lang='lat' dir='ltr'>mos.</span> <span class='ocrx_word' id='word_1_19' title='bbox 340 779 427 842; x_wconf 92' lang='lat' dir='ltr'>Nihil</span> <span class='ocrx_word' id='word_1_20' title='bbox 450 799 526 841; x_wconf 77' lang='lat' dir='ltr'>vero</span> <span class='ocrx_word' id='word_1_21' title='bbox 552 773 675 840; x_wconf 84' lang='lat' dir='ltr'>facilius</span> <span class='ocrx_word' id='word_1_22' title='bbox 693 778 734 839; x_wconf 91' lang='lat' dir='ltr'>ad</span> <span class='ocrx_word' id='word_1_23' title='bbox 753 750 983 856; x_wconf 62' lang='lat' dir='ltr'>expfficandum</span> <span class='ocrx_word' id='word_1_24' title='bbox 1007 772 1152 849; x_wconf 81' lang='lat' dir='ltr'>videtur3</span> 
     </span>
     <span class='ocr_line' id='line_1_5' title="bbox 149 892 1151 987; baseline -0.008 -27"><span class='ocrx_word' id='word_1_25' title='bbox 149 898 311 981; x_wconf 79' lang='lat' dir='ltr'>siquidem</span> <span class='ocrx_word' id='word_1_26' title='bbox 332 896 654 976; x_wconf 83' lang='lat' dir='ltr'>Romanajuventus‚</span> <span class='ocrx_word' id='word_1_27' title='bbox 674 892 883 987; x_wconf 82' lang='lat' dir='ltr'>conviciando</span> <span class='ocrx_word' id='word_1_28' title='bbox 898 904 1032 965; x_wconf 84' lang='lat' dir='ltr'>assueta,</span> <span class='ocrx_word' id='word_1_29' title='bbox 1055 913 1151 974; x_wconf 90' lang='lat' dir='ltr'>quum</span> 
     </span>
    </p>
   </div>
   <div class='ocr_carea' id='block_1_4' title="bbox 142 1006 1153 2733">
    <p class='ocr_par' dir='ltr' id='par_1_4' title="bbox 142 1006 1153 2733">
     <span class='ocr_line' id='line_1_6' title="bbox 149 1006 1153 1093; baseline -0.009 -16"><span class='ocrx_word' id='word_1_30' title='bbox 149 1014 311 1077; x_wconf 85' lang='lat' dir='ltr'>abstinere</span> <span class='ocrx_word' id='word_1_31' title='bbox 342 1015 432 1076; x_wconf 89' lang='lat' dir='ltr'>domi</span> <span class='ocrx_word' id='word_1_32' title='bbox 465 1013 552 1093; x_wconf 87' lang='lat' dir='ltr'>jussa</span> <span class='ocrx_word' id='word_1_33' title='bbox 587 1023 686 1084; x_wconf 83' lang='lat' dir='ltr'>esset,</span> <span class='ocrx_word' id='word_1_34' title='bbox 711 1007 789 1071; x_wconf 87' lang='lat' dir='ltr'>foris</span> <span class='ocrx_word' id='word_1_35' title='bbox 812 1008 903 1071; x_wconf 92' lang='lat' dir='ltr'>abuti</span> <span class='ocrx_word' id='word_1_36' title='bbox 927 1008 1045 1088; x_wconf 86' lang='lat' dir='ltr'>coepit.</span> <span class='ocrx_word' id='word_1_37' title='bbox 1091 1006 1153 1069; x_wconf 91' lang='lat' dir='ltr'>Hoc</span> 
     </span>
     <span class='ocr_line' id='line_1_7' title="bbox 150 1124 1150 1212; baseline -0.009 -19"><span class='ocrx_word' id='word_1_38' title='bbox 150 1131 291 1193; x_wconf 88' lang='lat' dir='ltr'>militare</span> <span class='ocrx_word' id='word_1_39' title='bbox 300 1132 451 1212; x_wconf 87' lang='lat' dir='ltr'>jocorum</span> <span class='ocrx_word' id='word_1_40' title='bbox 471 1148 593 1210; x_wconf 77' lang='lat' dir='ltr'>genus,</span> <span class='ocrx_word' id='word_1_41' title='bbox 608 1129 697 1207; x_wconf 91' lang='lat' dir='ltr'>quod</span> <span class='ocrx_word' id='word_1_42' title='bbox 717 1140 754 1188; x_wconf 86' lang='lat' dir='ltr'>ut</span> <span class='ocrx_word' id='word_1_43' title='bbox 774 1125 932 1188; x_wconf 82' lang='lat' dir='ltr'>rusticum</span> <span class='ocrx_word' id='word_1_44' title='bbox 946 1137 980 1187; x_wconf 87' lang='lat' dir='ltr'>et</span> <span class='ocrx_word' id='word_1_45' title='bbox 993 1124 1150 1187; x_wconf 90' lang='lat' dir='ltr'>urbanum</span> 
     </span>
     <span class='ocr_line' id='line_1_8' title="bbox 149 1241 1150 1325; baseline -0.009 -15"><span class='ocrx_word' id='word_1_46' title='bbox 149 1248 303 1310; x_wconf 74' lang='lat' dir='ltr'>alternis</span> <span class='ocrx_word' id='word_1_47' title='bbox 337 1243 575 1325; x_wconf 80' lang='lat' dir='ltr'><strong>usurpabatur,</strong></span> <span class='ocrx_word' id='word_1_48' title='bbox 599 1265 618 1304; x_wconf 88' lang='lat' dir='ltr'>a</span> <span class='ocrx_word' id='word_1_49' title='bbox 643 1241 735 1304; x_wconf 87' lang='lat' dir='ltr'>Livio</span> <span class='ocrx_word' id='word_1_50' title='bbox 753 1242 902 1322; x_wconf 88' lang='lat' dir='ltr'>primum</span> <span class='ocrx_word' id='word_1_51' title='bbox 928 1242 1059 1304; x_wconf 85' lang='lat' dir='ltr'>videtur</span> <span class='ocrx_word' id='word_1_52' title='bbox 1091 1263 1150 1302; x_wconf 82' lang='lat' dir='ltr'>ins-</span> 
     </span>
     <span class='ocr_line' id='line_1_9' title="bbox 149 1358 1150 1445; baseline -0.006 -19"><span class='ocrx_word' id='word_1_53' title='bbox 149 1363 270 1426; x_wconf 86' lang='lat' dir='ltr'>morari</span> <span class='ocrx_word' id='word_1_54' title='bbox 293 1363 390 1445; x_wconf 88' lang='lat' dir='ltr'>paulo</span> <span class='ocrx_word' id='word_1_55' title='bbox 414 1369 490 1422; x_wconf 86' lang='lat' dir='ltr'>ante</span> <span class='ocrx_word' id='word_1_56' title='bbox 510 1363 595 1442; x_wconf 80' lang='lat' dir='ltr'>leges</span> <span class='ocrx_word' id='word_1_57' title='bbox 616 1358 679 1421; x_wconf 87' lang='lat' dir='ltr'>XII</span> <span class='ocrx_word' id='word_1_58' title='bbox 704 1358 794 1421; x_wconf 85' lang='lat' dir='ltr'>tabb.</span> <span class='ocrx_word' id='word_1_59' title='bbox 815 1361 913 1420; x_wconf 88' lang='lat' dir='ltr'>latas:</span> <span class='ocrx_word' id='word_1_60' title='bbox 939 1358 1150 1439; x_wconf 83' lang='lat' dir='ltr'>«Epulaeiu-</span> 
     </span>
     <span class='ocr_line' id='line_1_10' title="bbox 146 1475 1147 1558; baseline -0.004 -17"><span class='ocrx_word' id='word_1_61' title='bbox 146 1492 288 1542; x_wconf 86' lang='lat' dir='ltr'>structae</span> <span class='ocrx_word' id='word_1_62' title='bbox 317 1477 470 1554; x_wconf 87' lang='lat' dir='ltr'>dicuntur</span> <span class='ocrx_word' id='word_1_63' title='bbox 499 1475 593 1537; x_wconf 84' lang='lat' dir='ltr'>fuisse</span> <span class='ocrx_word' id='word_1_64' title='bbox 628 1488 703 1538; x_wconf 86' lang='lat' dir='ltr'>aute</span> <span class='ocrx_word' id='word_1_65' title='bbox 730 1476 880 1537; x_wconf 93' lang='lat' dir='ltr'>omnium</span> <span class='ocrx_word' id='word_1_66' title='bbox 911 1477 1044 1538; x_wconf 89' lang='lat' dir='ltr'>domos:</span> <span class='ocrx_word' id='word_1_67' title='bbox 1074 1498 1147 1558; x_wconf 84' lang='lat' dir='ltr'>epu-</span> 
     </span>
     <span class='ocr_line' id='line_1_11' title="bbox 148 1592 1148 1677; baseline 0 -21"><span class='ocrx_word' id='word_1_68' title='bbox 148 1597 314 1677; x_wconf 87' lang='lat' dir='ltr'>lantesque</span> <span class='ocrx_word' id='word_1_69' title='bbox 335 1615 412 1656; x_wconf 90' lang='lat' dir='ltr'>cum</span> <span class='ocrx_word' id='word_1_70' title='bbox 434 1592 578 1656; x_wconf 85' lang='lat' dir='ltr'>carmine</span> <span class='ocrx_word' id='word_1_71' title='bbox 597 1592 788 1673; x_wconf 86' lang='lat' dir='ltr'>triumphali</span> <span class='ocrx_word' id='word_1_72' title='bbox 809 1605 841 1656; x_wconf 85' lang='lat' dir='ltr'>et</span> <span class='ocrx_word' id='word_1_73' title='bbox 852 1593 1045 1656; x_wconf 82' lang='lat' dir='ltr'>solennibus</span> <span class='ocrx_word' id='word_1_74' title='bbox 1056 1595 1148 1677; x_wconf 80' lang='lat' dir='ltr'>jocis,</span> 
     </span>
     <span class='ocr_line' id='line_1_12' title="bbox 148 1709 1147 1796; baseline -0.002 -20"><span class='ocrx_word' id='word_1_75' title='bbox 148 1712 391 1776; x_wconf 83' lang='lat' dir='ltr'>comissantium</span> <span class='ocrx_word' id='word_1_76' title='bbox 416 1713 539 1783; x_wconf 90' lang='lat' dir='ltr'>modo,</span> <span class='ocrx_word' id='word_1_77' title='bbox 564 1730 700 1772; x_wconf 87' lang='lat' dir='ltr'>currum</span> <span class='ocrx_word' id='word_1_78' title='bbox 727 1709 885 1796; x_wconf 87' lang='lat' dir='ltr'>(Quinctii</span> <span class='ocrx_word' id='word_1_79' title='bbox 905 1710 1082 1796; x_wconf 88' lang='lat' dir='ltr'>dictatoris)</span> <span class='ocrx_word' id='word_1_80' title='bbox 1101 1734 1147 1775; x_wconf 86' lang='lat' dir='ltr'>se-</span> 
     </span>
     <span class='ocr_line' id='line_1_13' title="bbox 146 1826 1145 1913; baseline -0.003 -18"><span class='ocrx_word' id='word_1_81' title='bbox 146 1830 213 1895; x_wconf 83' lang='lat' dir='ltr'>cuti</span> <span class='ocrx_word' id='word_1_82' title='bbox 241 1826 356 1893; x_wconf 88' lang='lat' dir='ltr'>sunt1.</span> <span class='ocrx_word' id='word_1_83' title='bbox 371 1848 389 1887; x_wconf 83' lang='lat' dir='ltr'>u</span> <span class='ocrx_word' id='word_1_84' title='bbox 436 1827 615 1902; x_wconf 76' lang='lat' dir='ltr'>Attamen,</span> <span class='ocrx_word' id='word_1_85' title='bbox 646 1827 757 1891; x_wconf 86' lang='lat' dir='ltr'>ceteris</span> <span class='ocrx_word' id='word_1_86' title='bbox 781 1827 863 1891; x_wconf 88' lang='lat' dir='ltr'>Livii</span> <span class='ocrx_word' id='word_1_87' title='bbox 889 1829 966 1892; x_wconf 89' lang='lat' dir='ltr'>locis</span> <span class='ocrx_word' id='word_1_88' title='bbox 987 1851 1145 1913; x_wconf 83' lang='lat' dir='ltr'>compara-</span> 
     </span>
     <span class='ocr_line' id='line_1_14' title="bbox 147 1944 1145 2030; baseline 0.001 -22"><span class='ocrx_word' id='word_1_89' title='bbox 147 1948 208 2022; x_wconf 87' lang='lat' dir='ltr'>tis,</span> <span class='ocrx_word' id='word_1_90' title='bbox 233 1960 323 2029; x_wconf 84' lang='lat' dir='ltr'>patet</span> <span class='ocrx_word' id='word_1_91' title='bbox 344 1944 462 2009; x_wconf 85' lang='lat' dir='ltr'>milites</span> <span class='ocrx_word' id='word_1_92' title='bbox 476 1945 560 2008; x_wconf 88' lang='lat' dir='ltr'>inter</span> <span class='ocrx_word' id='word_1_93' title='bbox 583 1967 627 2020; x_wconf 87' lang='lat' dir='ltr'>se,</span> <span class='ocrx_word' id='word_1_94' title='bbox 647 1946 781 2028; x_wconf 88' lang='lat' dir='ltr'>antiquo</span> <span class='ocrx_word' id='word_1_95' title='bbox 791 1967 901 2021; x_wconf 91' lang='lat' dir='ltr'>more,</span> <span class='ocrx_word' id='word_1_96' title='bbox 915 1967 983 2009; x_wconf 86' lang='lat' dir='ltr'>non</span> <span class='ocrx_word' id='word_1_97' title='bbox 992 1947 1025 2009; x_wconf 89' lang='lat' dir='ltr'>in</span> <span class='ocrx_word' id='word_1_98' title='bbox 1034 1945 1145 2030; x_wconf 80' lang='lat' dir='ltr'>Quinc·</span> 
     </span>
     <span class='ocr_line' id='line_1_15' title="bbox 144 2063 1144 2150; baseline 0.002 -24"><span class='ocrx_word' id='word_1_99' title='bbox 144 2065 231 2127; x_wconf 79' lang='lat' dir='ltr'>tium</span> <span class='ocrx_word' id='word_1_100' title='bbox 251 2066 306 2127; x_wconf 88' lang='lat' dir='ltr'>sed</span> <span class='ocrx_word' id='word_1_101' title='bbox 331 2064 366 2125; x_wconf 91' lang='lat' dir='ltr'>in</span> <span class='ocrx_word' id='word_1_102' title='bbox 395 2063 506 2125; x_wconf 77' lang='lat' dir='ltr'>hostes</span> <span class='ocrx_word' id='word_1_103' title='bbox 528 2063 676 2126; x_wconf 81' lang='lat' dir='ltr'>devictos</span> <span class='ocrx_word' id='word_1_104' title='bbox 701 2066 822 2146; x_wconf 82' lang='lat' dir='ltr'>jocatus</span> <span class='ocrx_word' id='word_1_105' title='bbox 840 2084 924 2142; x_wconf 88' lang='lat' dir='ltr'>esse;</span> <span class='ocrx_word' id='word_1_106' title='bbox 950 2065 1076 2150; x_wconf 75' lang='lat' dir='ltr'>legibus</span> <span class='ocrx_word' id='word_1_107' title='bbox 1098 2068 1144 2128; x_wconf 85' lang='lat' dir='ltr'>de·</span> 
     </span>
     <span class='ocr_line' id='line_1_16' title="bbox 142 2179 1143 2263; baseline 0.004 -22"><span class='ocrx_word' id='word_1_108' title='bbox 142 2200 240 2241; x_wconf 89' lang='lat' dir='ltr'>mum</span> <span class='ocrx_word' id='word_1_109' title='bbox 262 2180 349 2253; x_wconf 82' lang='lat' dir='ltr'>latis,</span> <span class='ocrx_word' id='word_1_110' title='bbox 370 2179 581 2243; x_wconf 85' lang='lat' dir='ltr'>acerbitatem</span> <span class='ocrx_word' id='word_1_111' title='bbox 594 2180 673 2262; x_wconf 89' lang='lat' dir='ltr'>jocis</span> <span class='ocrx_word' id='word_1_112' title='bbox 692 2181 850 2243; x_wconf 86' lang='lat' dir='ltr'>accessisse</span> <span class='ocrx_word' id='word_1_113' title='bbox 869 2200 988 2263; x_wconf 91' lang='lat' dir='ltr'>eosque</span> <span class='ocrx_word' id='word_1_114' title='bbox 1009 2181 1042 2245; x_wconf 92' lang='lat' dir='ltr'>in</span> <span class='ocrx_word' id='word_1_115' title='bbox 1056 2183 1143 2245; x_wconf 77' lang='lat' dir='ltr'>duces</span> 
     </span>
     <span class='ocr_line' id='line_1_17' title="bbox 144 2293 1143 2380; baseline 0.007 -26"><span class='ocrx_word' id='word_1_116' title='bbox 144 2293 316 2355; x_wconf 87' lang='lat' dir='ltr'>inconditis</span> <span class='ocrx_word' id='word_1_117' title='bbox 344 2295 487 2357; x_wconf 85' lang='lat' dir='ltr'>versibus</span> <span class='ocrx_word' id='word_1_118' title='bbox 513 2297 628 2376; x_wconf 82' lang='lat' dir='ltr'>jactari</span> <span class='ocrx_word' id='word_1_119' title='bbox 650 2309 789 2377; x_wconf 84' lang='lat' dir='ltr'>coeptos.</span> <span class='ocrx_word' id='word_1_120' title='bbox 825 2297 941 2380; x_wconf 86' lang='lat' dir='ltr'>Itaque</span> <span class='ocrx_word' id='word_1_121' title='bbox 963 2301 1096 2364; x_wconf 86' lang='lat' dir='ltr'>unicum</span> <span class='ocrx_word' id='word_1_122' title='bbox 1112 2320 1143 2361; x_wconf 82' lang='lat' dir='ltr'>a·</span> 
     </span>
     <span class='ocr_line' id='line_1_18' title="bbox 146 2409 1141 2499; baseline 0.006 -26"><span class='ocrx_word' id='word_1_123' title='bbox 146 2409 224 2473; x_wconf 69' lang='lat' dir='ltr'>rasit</span> <span class='ocrx_word' id='word_1_124' title='bbox 246 2411 308 2472; x_wconf 90' lang='lat' dir='ltr'>hoc</span> <span class='ocrx_word' id='word_1_125' title='bbox 330 2409 528 2475; x_wconf 85' lang='lat' dir='ltr'>conviciandi</span> <span class='ocrx_word' id='word_1_126' title='bbox 546 2432 647 2495; x_wconf 73' lang='lat' dir='ltr'>genus</span> <span class='ocrx_word' id='word_1_127' title='bbox 668 2433 705 2475; x_wconf 89' lang='lat' dir='ltr'>ac</span> <span class='ocrx_word' id='word_1_128' title='bbox 719 2415 908 2493; x_wconf 81' lang='lat' dir='ltr'>perduravit</span> <span class='ocrx_word' id='word_1_129' title='bbox 919 2416 954 2477; x_wconf 89' lang='lat' dir='ltr'>in</span> <span class='ocrx_word' id='word_1_130' title='bbox 966 2416 1141 2499; x_wconf 84' lang='lat' dir='ltr'>triumphis.</span> 
     </span>
     <span class='ocr_line' id='line_1_19' title="bbox 142 2523 1139 2612; baseline 0.005 -24"><span class='ocrx_word' id='word_1_131' title='bbox 142 2523 212 2589; x_wconf 79' lang='lat' dir='ltr'>Joci</span> <span class='ocrx_word' id='word_1_132' title='bbox 244 2537 355 2589; x_wconf 89' lang='lat' dir='ltr'>autem</span> <span class='ocrx_word' id='word_1_133' title='bbox 385 2525 430 2587; x_wconf 92' lang='lat' dir='ltr'>illi</span> <span class='ocrx_word' id='word_1_134' title='bbox 465 2527 620 2590; x_wconf 86' lang='lat' dir='ltr'>militares</span> <span class='ocrx_word' id='word_1_135' title='bbox 639 2565 685 2576; x_wconf 90' lang='lat'>—</span> <span class='ocrx_word' id='word_1_136' title='bbox 712 2531 870 2612; x_wconf 90' lang='lat' dir='ltr'>aquibus</span> <span class='ocrx_word' id='word_1_137' title='bbox 893 2531 1058 2596; x_wconf 87' lang='lat' dir='ltr'>diversum</span> <span class='ocrx_word' id='word_1_138' title='bbox 1082 2546 1139 2596; x_wconf 82' lang='lat' dir='ltr'>erat</span> 
     </span>
     <span class='ocr_line' id='line_1_20' title="bbox 143 2643 1139 2733; baseline 0.008 -29"><span class='ocrx_word' id='word_1_139' title='bbox 143 2643 344 2724; x_wconf 82' lang='lat' dir='ltr'>triumphale</span> <span class='ocrx_word' id='word_1_140' title='bbox 360 2663 491 2706; x_wconf 84' lang='lat' dir='ltr'>carmen</span> <span class='ocrx_word' id='word_1_141' title='bbox 517 2646 551 2705; x_wconf 79' lang='lat' dir='ltr'>io</span> <span class='ocrx_word' id='word_1_142' title='bbox 576 2646 754 2729; x_wconf 76' lang='lat' dir='ltr'>triumphe</span> <span class='ocrx_word' id='word_1_143' title='bbox 766 2651 781 2707; x_wconf 72' lang='grc' dir='ltr'>,Ι</span> <span class='ocrx_word' id='word_1_144' title='bbox 797 2683 843 2696; x_wconf 94' lang='grc'><strong>-</strong></span> <span class='ocrx_word' id='word_1_145' title='bbox 866 2657 905 2710; x_wconf 81' lang='lat' dir='ltr'>ut</span> <span class='ocrx_word' id='word_1_146' title='bbox 920 2650 1047 2733; x_wconf 84' lang='lat' dir='ltr'>antiqui</span> <span class='ocrx_word' id='word_1_147' title='bbox 1068 2669 1139 2729; x_wconf 92' lang='lat' dir='ltr'>nup·</span> 
     </span>
    </p>
   </div>
   <div class='ocr_carea' id='block_1_5' title="bbox 135 2924 1176 4154">
    <p class='ocr_par' dir='ltr' id='par_1_5' title="bbox 135 2924 1176 4154">
     <span class='ocr_line' id='line_1_21' title="bbox 178 2924 1136 3001; baseline 0.021 -29"><span class='ocrx_word' id='word_1_148' title='bbox 178 2939 189 2976; x_wconf 87' lang='lat'>1</span> <span class='ocrx_word' id='word_1_149' title='bbox 227 2925 309 2979; x_wconf 70' lang='lat' dir='ltr'>Lis.</span> <span class='ocrx_word' id='word_1_150' title='bbox 329 2924 387 2986; x_wconf 90' lang='grc' dir='ltr'>ΙΙΙ,</span> <span class='ocrx_word' id='word_1_151' title='bbox 409 2943 453 2992; x_wconf 81' lang='lat'>29.</span> <span class='ocrx_word' id='word_1_152' title='bbox 483 2927 533 2977; x_wconf 84' lang='lat' dir='ltr'>Cff.</span> <span class='ocrx_word' id='word_1_153' title='bbox 558 2928 611 2991; x_wconf 81' lang='lat' dir='ltr'>tv,</span> <span class='ocrx_word' id='word_1_154' title='bbox 631 2946 677 2993; x_wconf 88' lang='lat'>20,</span> <span class='ocrx_word' id='word_1_155' title='bbox 695 2928 739 2980; x_wconf 80' lang='lat'>53.</span> <span class='ocrx_word' id='word_1_156' title='bbox 760 2930 797 2993; x_wconf 84' lang='lat' dir='ltr'>V,</span> <span class='ocrx_word' id='word_1_157' title='bbox 817 2932 861 3001; x_wconf 83' lang='lat'>49.</span> <span class='ocrx_word' id='word_1_158' title='bbox 883 2933 952 2996; x_wconf 86' lang='lat' dir='ltr'>Vll,</span> <span class='ocrx_word' id='word_1_159' title='bbox 974 2952 1019 2998; x_wconf 84' lang='grc' dir='ltr'>ιο,</span> <span class='ocrx_word' id='word_1_160' title='bbox 1035 2936 1076 2988; x_wconf 83' lang='lat'>38.</span> <span class='ocrx_word' id='word_1_161' title='bbox 1104 2933 1136 2992; x_wconf 65' lang='grc' dir='ltr'>Χ,</span> 
     </span>
     <span class='ocr_line' id='line_1_22' title="bbox 140 3007 1137 3096; baseline 0.017 -25"><span class='ocrx_word' id='word_1_162' title='bbox 140 3020 185 3074; x_wconf 73' lang='lat' dir='ltr'>ao.</span> <span class='ocrx_word' id='word_1_163' title='bbox 205 3019 352 3081; x_wconf 82' lang='lat' dir='ltr'>xxxix,</span> <span class='ocrx_word' id='word_1_164' title='bbox 372 3039 400 3088; x_wconf 82' lang='lat'>7.</span> <span class='ocrx_word' id='word_1_165' title='bbox 423 3023 529 3074; x_wconf 71' lang='lat' dir='ltr'>rest</span> <span class='ocrx_word' id='word_1_166' title='bbox 560 3027 648 3075; x_wconf 73' lang='lat' dir='ltr'>ras.</span> <span class='ocrx_word' id='word_1_167' title='bbox 675 3026 718 3087; x_wconf 84' lang='lat' dir='ltr'>u,</span> <span class='ocrx_word' id='word_1_168' title='bbox 744 3027 787 3096; x_wconf 79' lang='lat' dir='ltr'>s7.</span> <span class='ocrx_word' id='word_1_169' title='bbox 817 3030 926 3080; x_wconf 81' lang='lat' dir='ltr'>Ptin.</span> <span class='ocrx_word' id='word_1_170' title='bbox 946 3037 985 3084; x_wconf 76' lang='lat' dir='ltr'>u.</span> <span class='ocrx_word' id='word_1_171' title='bbox 1004 3007 1041 3084; x_wconf 78' lang='lat' dir='ltr'>u.</span> <span class='ocrx_word' id='word_1_172' title='bbox 1061 3029 1137 3088; x_wconf 81' lang='lat' dir='ltr'>xix.</span> 
     </span>
     <span class='ocr_line' id='line_1_23' title="bbox 137 3117 1136 3198; baseline 0.012 -32"><span class='ocrx_word' id='word_1_173' title='bbox 137 3117 182 3168; x_wconf 67' lang='lat'>41·</span> <span class='ocrx_word' id='word_1_174' title='bbox 214 3120 322 3168; x_wconf 72' lang='lat' dir='ltr'>Suet.</span> <span class='ocrx_word' id='word_1_175' title='bbox 345 3119 396 3165; x_wconf 84' lang='lat' dir='ltr'>vit.</span> <span class='ocrx_word' id='word_1_176' title='bbox 417 3121 496 3167; x_wconf 77' lang='lat' dir='ltr'>Caes·</span> <span class='ocrx_word' id='word_1_177' title='bbox 520 3119 566 3168; x_wconf 83' lang='lat'>50.</span> <span class='ocrx_word' id='word_1_178' title='bbox 586 3123 708 3175; x_wconf 79' lang='lat' dir='ltr'>Mart.</span> <span class='ocrx_word' id='word_1_179' title='bbox 726 3126 825 3192; x_wconf 79' lang='lat' dir='ltr'>Bpigr.</span> <span class='ocrx_word' id='word_1_180' title='bbox 846 3123 872 3190; x_wconf 83' lang='lat' dir='ltr'>l,</span> <span class='ocrx_word' id='word_1_181' title='bbox 892 3123 919 3180; x_wconf 80' lang='grc'>5.</span> <span class='ocrx_word' id='word_1_182' title='bbox 946 3129 1043 3198; x_wconf 81' lang='lat' dir='ltr'>App.</span> <span class='ocrx_word' id='word_1_183' title='bbox 1063 3127 1136 3184; x_wconf 80' lang='grc' dir='ltr'>ΙΙΙΙΙ.</span> 
     </span>
     <span class='ocr_line' id='line_1_24' title="bbox 137 3209 1137 3288; baseline 0.011 -26"><span class='ocrx_word' id='word_1_184' title='bbox 137 3211 182 3265; x_wconf 84' lang='grc'>66.</span> <span class='ocrx_word' id='word_1_185' title='bbox 207 3211 252 3260; x_wconf 84' lang='lat' dir='ltr'>Di</span> <span class='ocrx_word' id='word_1_186' title='bbox 259 3227 310 3266; x_wconf 80' lang='lat' dir='ltr'>on.</span> <span class='ocrx_word' id='word_1_187' title='bbox 329 3216 360 3263; x_wconf 92' lang='lat' dir='ltr'><em>H</em></span> <span class='ocrx_word' id='word_1_188' title='bbox 365 3209 411 3259; x_wconf 83' lang='lat' dir='ltr'>al·</span> <span class='ocrx_word' id='word_1_189' title='bbox 431 3212 551 3281; x_wconf 79' lang='lat' dir='ltr'>Antiqq.</span> <span class='ocrx_word' id='word_1_190' title='bbox 574 3216 657 3270; x_wconf 83' lang='lat' dir='ltr'>Rom.</span> <span class='ocrx_word' id='word_1_191' title='bbox 679 3215 756 3283; x_wconf 84' lang='lat' dir='ltr'>Vll,</span> <span class='ocrx_word' id='word_1_192' title='bbox 776 3239 819 3288; x_wconf 85' lang='lat'>7²·</span> <span class='ocrx_word' id='word_1_193' title='bbox 855 3221 931 3274; x_wconf 80' lang='lat' dir='ltr'>idem</span> <span class='ocrx_word' id='word_1_194' title='bbox 949 3223 991 3286; x_wconf 88' lang='grc' dir='ltr'>ΙΙ,</span> <span class='ocrx_word' id='word_1_195' title='bbox 1007 3225 1137 3284; x_wconf 80' lang='lat' dir='ltr'>34resart,</span> 
     </span>
     <span class='ocr_line' id='line_1_25' title="bbox 139 3301 1138 3371; baseline 0.019 -19"><span class='ocrx_word' id='word_1_196' title='bbox 139 3301 293 3362; x_wconf 62' lang='lat' dir='ltr'>absumitur</span> <span class='ocrx_word' id='word_1_197' title='bbox 311 3304 433 3361; x_wconf 68' lang='lat' dir='ltr'>sosipatro</span> <span class='ocrx_word' id='word_1_198' title='bbox 459 3306 628 3362; x_wconf 82' lang='lat' dir='ltr'>celebratum</span> <span class='ocrx_word' id='word_1_199' title='bbox 645 3330 702 3363; x_wconf 82' lang='lat' dir='ltr'>esse</span> <span class='ocrx_word' id='word_1_200' title='bbox 721 3333 734 3363; x_wconf 89' lang='lat' dir='ltr'>a</span> <span class='ocrx_word' id='word_1_201' title='bbox 753 3317 887 3368; x_wconf 85' lang='lat' dir='ltr'>militibus</span> <span class='ocrx_word' id='word_1_202' title='bbox 904 3318 1015 3370; x_wconf 85' lang='lat' dir='ltr'>Romuli</span> <span class='ocrx_word' id='word_1_203' title='bbox 1034 3322 1067 3371; x_wconf 89' lang='lat' dir='ltr'>de</span> <span class='ocrx_word' id='word_1_204' title='bbox 1085 3325 1138 3371; x_wconf 81' lang='lat' dir='ltr'>An·</span> 
     </span>
     <span class='ocr_line' id='line_1_26' title="bbox 138 3401 1136 3483; baseline 0.014 -31"><span class='ocrx_word' id='word_1_205' title='bbox 138 3405 302 3456; x_wconf 80' lang='lat' dir='ltr'>lemuatibus</span> <span class='ocrx_word' id='word_1_206' title='bbox 328 3401 505 3468; x_wconf 78' lang='lat' dir='ltr'>triumphum·</span> <span class='ocrx_word' id='word_1_207' title='bbox 542 3405 731 3461; x_wconf 81' lang='lat' dir='ltr'>Memorabilia</span> <span class='ocrx_word' id='word_1_208' title='bbox 755 3421 817 3463; x_wconf 84' lang='lat' dir='ltr'>suut</span> <span class='ocrx_word' id='word_1_209' title='bbox 846 3414 889 3467; x_wconf 72' lang='grc' dir='ltr'>ΕΙ.</span> <span class='ocrx_word' id='word_1_210' title='bbox 909 3413 1025 3483; x_wconf 86' lang='lat' dir='ltr'>Vopisci</span> <span class='ocrx_word' id='word_1_211' title='bbox 1043 3420 1070 3469; x_wconf 91' lang='lat' dir='ltr'>in</span> <span class='ocrx_word' id='word_1_212' title='bbox 1093 3419 1136 3469; x_wconf 80' lang='lat' dir='ltr'>vil.</span> 
     </span>
     <span class='ocr_line' id='line_1_27' title="bbox 139 3497 1138 3580; baseline 0.016 -33"><span class='ocrx_word' id='word_1_213' title='bbox 139 3497 300 3550; x_wconf 84' lang='lat' dir='ltr'>Numeriani</span> <span class='ocrx_word' id='word_1_214' title='bbox 324 3518 347 3551; x_wconf 76' lang='lat' dir='ltr'>c·</span> <span class='ocrx_word' id='word_1_215' title='bbox 374 3500 408 3550; x_wconf 81' lang='lat'>13</span> <span class='ocrx_word' id='word_1_216' title='bbox 435 3503 538 3576; x_wconf 80' lang='lat' dir='ltr'>verba:</span> <span class='ocrx_word' id='word_1_217' title='bbox 571 3505 657 3570; x_wconf 75' lang='lat' dir='ltr'>«Ipsi</span> <span class='ocrx_word' id='word_1_218' title='bbox 688 3508 786 3560; x_wconf 86' lang='lat' dir='ltr'>comici</span> <span class='ocrx_word' id='word_1_219' title='bbox 803 3510 965 3580; x_wconf 84' lang='lat' dir='ltr'>plerumque</span> <span class='ocrx_word' id='word_1_220' title='bbox 986 3517 1027 3566; x_wconf 84' lang='lat' dir='ltr'>sio</span> <span class='ocrx_word' id='word_1_221' title='bbox 1046 3515 1138 3567; x_wconf 80' lang='lat' dir='ltr'>milites</span> 
     </span>
     <span class='ocr_line' id='line_1_28' title="bbox 137 3592 1176 3678; baseline 0.02 -37"><span class='ocrx_word' id='word_1_222' title='bbox 137 3592 293 3656; x_wconf 83' lang='lat' dir='ltr'>inducunt,</span> <span class='ocrx_word' id='word_1_223' title='bbox 313 3602 343 3645; x_wconf 87' lang='lat' dir='ltr'>ut</span> <span class='ocrx_word' id='word_1_224' title='bbox 361 3613 406 3646; x_wconf 84' lang='lat' dir='ltr'>eos</span> <span class='ocrx_word' id='word_1_225' title='bbox 426 3597 525 3649; x_wconf 81' lang='lat' dir='ltr'>faciant</span> <span class='ocrx_word' id='word_1_226' title='bbox 541 3611 637 3658; x_wconf 66' lang='lat' dir='ltr'>vetera</span> <span class='ocrx_word' id='word_1_227' title='bbox 654 3605 734 3656; x_wconf 83' lang='lat' dir='ltr'>dicta</span> <span class='ocrx_word' id='word_1_228' title='bbox 752 3624 892 3672; x_wconf 81' lang='lat' dir='ltr'>usurpare.</span> <span class='ocrx_word' id='word_1_229' title='bbox 912 3609 982 3662; x_wconf 85' lang='lat' dir='ltr'>Nam</span> <span class='ocrx_word' id='word_1_230' title='bbox 1000 3620 1026 3662; x_wconf 84' lang='lat' dir='ltr'>et</span> <span class='ocrx_word' id='word_1_231' title='bbox 1046 3612 1137 3678; x_wconf 79' lang='lat' dir='ltr'>lepus</span> <span class='ocrx_word' id='word_1_232' title='bbox 1174 3592 1176 3596; x_wconf 28' lang='grc' dir='ltr'>Ι</span> 
     </span>
     <span class='ocr_line' id='line_1_29' title="bbox 139 3692 1138 3771; baseline 0.025 -36"><span class='ocrx_word' id='word_1_233' title='bbox 139 3693 215 3737; x_wconf 79' lang='lat' dir='ltr'>tute</span> <span class='ocrx_word' id='word_1_234' title='bbox 234 3705 268 3738; x_wconf 84' lang='lat' dir='ltr'>es</span> <span class='ocrx_word' id='word_1_235' title='bbox 286 3696 319 3738; x_wconf 84' lang='lat' dir='ltr'>et</span> <span class='ocrx_word' id='word_1_236' title='bbox 336 3692 556 3754; x_wconf 83' lang='lat' dir='ltr'>pulmentum</span> <span class='ocrx_word' id='word_1_237' title='bbox 576 3700 725 3765; x_wconf 86' lang='lat' dir='ltr'>quaeris</span> <span class='ocrx_word' id='word_1_238' title='bbox 744 3701 820 3753; x_wconf 82' lang='lat' dir='ltr'>Livii</span> <span class='ocrx_word' id='word_1_239' title='bbox 841 3705 994 3759; x_wconf 82' lang='lat' dir='ltr'>Andronici</span> <span class='ocrx_word' id='word_1_240' title='bbox 1007 3717 1058 3771; x_wconf 81' lang='lat' dir='ltr'>est,</span> <span class='ocrx_word' id='word_1_241' title='bbox 1070 3707 1138 3761; x_wconf 84' lang='lat' dir='ltr'>mul·</span> 
     </span>
     <span class='ocr_line' id='line_1_30' title="bbox 141 3782 1137 3865; baseline 0.025 -36"><span class='ocrx_word' id='word_1_242' title='bbox 141 3789 222 3849; x_wconf 85' lang='lat' dir='ltr'>toque</span> <span class='ocrx_word' id='word_1_243' title='bbox 250 3782 320 3845; x_wconf 78' lang='lat' dir='ltr'>aliu,</span> <span class='ocrx_word' id='word_1_244' title='bbox 343 3804 415 3852; x_wconf 82' lang='lat' dir='ltr'>quae</span> <span class='ocrx_word' id='word_1_245' title='bbox 438 3788 550 3842; x_wconf 78' lang='lat' dir='ltr'>Plautus</span> <span class='ocrx_word' id='word_1_246' title='bbox 571 3794 760 3865; x_wconf 86' lang='lat' dir='ltr'>Caeciliusque</span> <span class='ocrx_word' id='word_1_247' title='bbox 782 3810 966 3865; x_wconf 71' lang='lat' dir='ltr'>posueruut.»</span> <span class='ocrx_word' id='word_1_248' title='bbox 997 3805 1042 3856; x_wconf 81' lang='lat' dir='ltr'>cl.</span> <span class='ocrx_word' id='word_1_249' title='bbox 1064 3811 1137 3859; x_wconf 86' lang='lat' dir='ltr'>Ter.</span> 
     </span>
     <span class='ocr_line' id='line_1_31' title="bbox 136 3878 1136 3966; baseline 0.025 -39"><span class='ocrx_word' id='word_1_250' title='bbox 136 3881 212 3934; x_wconf 80' lang='lat' dir='ltr'>Eun.</span> <span class='ocrx_word' id='word_1_251' title='bbox 230 3878 289 3942; x_wconf 84' lang='grc' dir='ltr'>ΙΙΙ,</span> <span class='ocrx_word' id='word_1_252' title='bbox 308 3898 330 3942; x_wconf 85' lang='grc' dir='ltr'>ι,</span> <span class='ocrx_word' id='word_1_253' title='bbox 343 3881 385 3935; x_wconf 79' lang='grc'>56.</span> <span class='ocrx_word' id='word_1_254' title='bbox 411 3888 516 3936; x_wconf 78' lang='lat' dir='ltr'>Vetera</span> <span class='ocrx_word' id='word_1_255' title='bbox 534 3892 613 3940; x_wconf 81' lang='lat' dir='ltr'>dictu</span> <span class='ocrx_word' id='word_1_256' title='bbox 630 3901 691 3943; x_wconf 85' lang='lat' dir='ltr'>sunt</span> <span class='ocrx_word' id='word_1_257' title='bbox 703 3895 818 3947; x_wconf 79' lang='lat' dir='ltr'>dicteria</span> <span class='ocrx_word' id='word_1_258' title='bbox 830 3899 857 3947; x_wconf 87' lang='lat' dir='ltr'>in</span> <span class='ocrx_word' id='word_1_259' title='bbox 871 3901 1068 3966; x_wconf 76' lang='lat' dir='ltr'>triumphantes</span> <span class='ocrx_word' id='word_1_260' title='bbox 1089 3903 1136 3952; x_wconf 83' lang='lat' dir='ltr'>‹lu-</span> 
     </span>
     <span class='ocr_line' id='line_1_32' title="bbox 136 3976 1135 4063; baseline 0.024 -40"><span class='ocrx_word' id='word_1_261' title='bbox 136 3993 190 4027; x_wconf 82' lang='lat' dir='ltr'>css.</span> <span class='ocrx_word' id='word_1_262' title='bbox 216 3976 298 4040; x_wconf 84' lang='lat' dir='ltr'>(Cic.</span> <span class='ocrx_word' id='word_1_263' title='bbox 319 3977 449 4036; x_wconf 50' lang='lat' dir='ltr'>deotolt</span> <span class='ocrx_word' id='word_1_264' title='bbox 472 3980 510 4038; x_wconf 85' lang='grc' dir='ltr'>ΙΙ,</span> <span class='ocrx_word' id='word_1_265' title='bbox 532 3982 566 4034; x_wconf 80' lang='grc'>54</span> <span class='ocrx_word' id='word_1_266' title='bbox 598 3989 752 4046; x_wconf 75' lang='lat' dir='ltr'>Macrob,</span> <span class='ocrx_word' id='word_1_267' title='bbox 774 3991 814 4052; x_wconf 89' lang='grc' dir='ltr'>ΙΙ,</span> <span class='ocrx_word' id='word_1_268' title='bbox 839 4010 863 4047; x_wconf 85' lang='grc' dir='ltr'>ι.</span> <span class='ocrx_word' id='word_1_269' title='bbox 884 3998 1007 4063; x_wconf 72' lang='lat' dir='ltr'>(latitat.</span> <span class='ocrx_word' id='word_1_270' title='bbox 1030 3999 1081 4060; x_wconf 81' lang='lat' dir='ltr'>Vl,</span> <span class='ocrx_word' id='word_1_271' title='bbox 1100 3999 1135 4049; x_wconf 75' lang='lat'>5¹.</span> 
     </span>
     <span class='ocr_line' id='line_1_33' title="bbox 135 4071 985 4154; baseline 0.032 -35"><span class='ocrx_word' id='word_1_272' title='bbox 135 4071 217 4124; x_wconf 84' lang='lat' dir='ltr'>Plura</span> <span class='ocrx_word' id='word_1_273' title='bbox 237 4071 352 4124; x_wconf 80' lang='lat' dir='ltr'>fortasse</span> <span class='ocrx_word' id='word_1_274' title='bbox 372 4073 503 4137; x_wconf 82' lang='lat' dir='ltr'>ejusmodi</span> <span class='ocrx_word' id='word_1_275' title='bbox 522 4079 593 4143; x_wconf 84' lang='lat' dir='ltr'>apud</span> <span class='ocrx_word' id='word_1_276' title='bbox 615 4085 869 4154; x_wconf 74' lang='lat' dir='ltr'>comicosnrglsclu</span> <span class='ocrx_word' id='word_1_277' title='bbox 890 4090 985 4147; x_wconf 75' lang='lat' dir='ltr'>lalenl·</span> 
     </span>
    </p>
   </div>
   <div class='ocr_carea' id='block_1_6' title="bbox 0 0 1294 4756">
    <p class='ocr_par' dir='ltr' id='par_1_6' title="bbox 0 0 1294 4756">
     <span class='ocr_line' id='line_1_34' title="bbox 0 0 1294 4756; baseline 0 0"><span class='ocrx_word' id='word_1_278' title='bbox 0 0 1294 4756; x_wconf 95' lang='lat' dir='ltr'> </span> 
     </span>
    </p>
   </div>
  </div>
 </body>
</html>
