2580 4756
182 1252 185 1257 -
240 1225 306 1294 nn
337 1199 542 1294 rodatur
574 1225 765 1297 nucum
797 1229 1093 1302 recurrere.
1152 1261 1154 1266 ·

205 2035 392 2126 studiosius
420 2062 569 2149 singula,
596 2083 680 2147 quae
714 2065 755 2128 ad
777 2064 1011 2130 ‘illustrandam
1038 2066 1153 2132 Lucilii

145 2187 292 2249 indolem
321 2197 420 2271 atque
451 2185 620 2271 ingenium
640 2184 816 2264 faciebant,
837 2188 995 2271 persecuti
1015 2209 1150 2265 sumus,

146 2307 304 2390 quoniam
325 2308 413 2370 haud
437 2327 455 2370 e
474 2307 599 2392 vulgari
619 2307 791 2372 hominum
804 2330 921 2396 genere
940 2310 992 2377 vir
1008 2311 1061 2376 ille
1070 2315 1152 2394 luit,

143 2432 200 2496 aed
220 2429 336 2515 dignus
357 2450 457 2514 quem
479 2429 659 2494 accuratius
680 2451 957 2516 cognosceremus.
998 2432 1151 2516 Ejusdem

145 2572 222 2616 vero
242 2571 320 2614 eum
339 2551 373 2614 in
394 2555 523 2634 poeseos
542 2550 721 2614 Romanae·
734 2551 864 2615 historia
880 2552 1006 2616 celebre
1029 2573 1151 2619 nomen

144 2672 265 2747 fuerit,
289 2669 346 2737 hic
371 2673 461 2756 jam,
483 2671 585 2757 qualis
616 2666 717 2755 poeta
730 2672 959 2736 existimandus
975 2673 1016 2736 sit
1033 2673 1149 2748 luisse,

140 2814 298 2876 quaerere
320 2795 424 2877 juvat.
470 2791 543 2857 Nec*
556 2805 667 2856 tamen
689 2792 870 2875 quidquam
892 2792 1015 2876 proprii
1034 2795 1151 2876 profe-

140 2934 270 2990 remus,
290 2915 378 2998 quod
411 2935 452 2976 ne
476 2913 707 2997 postulandum
733 2912 866 2998 quidem
881 2957 884 2963 -
900 2927 947 2978 est
975 2913 1148 3001 exiguam,

137 3055 223 3117 quae
245 3048 412 3118 superest„
431 3035 532 3119 ampli
552 3033 656 3118 operis
676 3046 805 3118 partem
826 3034 1053 3121 cogitantibus.
1076 3032 1150 3098 Non

138 3149 227 3214 enim
249 3170 306 3214 nos
331 3151 454 3235 judices
477 3153 610 3215 fortuna
629 3149 825 3227 constituit,
847 3151 903 3215 sed
922 3151 1016 3216 alieni
1032 3154 1149 3237 judieii

138 3281 320 3334 narratores
343 3282 375 3334 et
396 3267 599 3356 interpretes.
623 3267 733 3354 Quare
756 3292 794 3334 ea
810 3271 964 3346 relaturi,
988 3292 1071 3355 quae
1092 3274 1148 3338 in·

138 3403 269 3476 tegrum
305 3390 425 3477 ingenii
458 3403 713 3454 monumentum
744 3391 977 3474 possidentibus
1008 3391 1146 3475 probata

134 3530 200 3573 esse
218 3510 446 3597 cognovimus,
470 3510 565 3575 satius
588 3509 739 3575 duximus
760 3510 849 3575 saria
867 3511 1064 3593 scriptorum
1078 3525 1144 3578 tes-

135 3629 291 3706 timonia,
315 3632 426 3695 aetatis
446 3651 510 3715 qua
529 3632 681 3698 vixerunt
695 3632 838 3706 ratione,
857 3631 1018 3699 exhibere.

177 3751 226 3820 Ac
248 3751 395 3834 primum
419 3753 674 3840 quidem-qui
696 3753 780 3818 mihi
793 3753 995 3820 videturesse
1015 3756 1054 3821 L.
1067 3757 1145 3821 Ae-

134 3866 210 3932 lius
246 3867 351 3935 Stilo
372 3908 416 3921 -
439 3869 555 3936 Aust.
586 3875 633 3936 ad
669 3871 915 3944 Herennium
943 3876 982 3938 de
1014 3875 1143 3941 vitanda

134 3988 309 4053 verborum
331 3990 555 4074 transjectione
578 4012 722 4068 monens,
747 3991 852 4056 addit:
887 3990 993 4078 «Quo
1014 3993 1048 4056 in
1063 3988 1143 4055 vitio

131 4120 177 4170 est
201 4106 344 4172 Lucilius
368 4096 528 4186 assiduus,
552 4119 590 4173 ut
613 4092 675 4194 hoc
699 4123 744 4174 est
767 4111 800 4174 in
823 4109 931 4192 priore
954 4109 1056 4175 libro·
1086 4130 1092 4135 ·
