2580 4756
675 334 739 399 296

200 536 257 581 nes
278 514 478 578 intercedere
501 525 624 577 constet
636 511 665 577 ¹.
686 509 761 576 Non
779 531 855 576 sane
875 511 1031 596 equidem
1055 514 1222 583 hoscam·

200 635 307 700 tuenti
335 633 486 698 accedere
514 631 636 708 ausim,
658 630 740 694 nihil
771 630 895 715 quippe
915 632 1107 718 argumenti
1131 632 1220 697 inve·

202 754 314 829 niens,
338 771 405 834 qno
423 773 441 815 a
457 749 622 814 Diomedis
644 749 805 825 sententia
819 751 953 816 avellar.
998 748 1127 816 Contra
1144 752 1218 818 hnic

202 873 304 935 fidem
322 873 448 935 addunt
466 890 565 952 supra
581 870 713 932 laudata
732 869 847 933 veteris
864 869 1053 952 interpretis
1072 868 1215 946 rerha2,

205 1012 301 1077 quae,
322 989 380 1054 etsi
403 988 512 1072 inepte
530 990 571 1053 ad
593 986 770 1052 Horatium
788 988 1019 1070 explicandum
1038 988 1216 1055 adhibean-

204 1123 271 1185 tur,
282 1131 301 1172 a
311 1129 378 1194 qno
388 1110 473 1172 solus
490 1104 702 1197 Archilochus
715 1107 897 1190 respicitur,
906 1119 1020 1172 tamen
1031 1109 1215 1183 ostendunt,

205 1228 241 1291 in
255 1229 403 1291 eodem
421 1230 551 1310 poe'seos
564 1245 682 1311 genere
695 1221 892 1291 Archilocho
904 1225 1073 1293 Lucilium
1081 1224 1214 1292 obsone*

207 1345 307 1410 nitate
338 1365 452 1428 parem
477 1343 582 1408 fuisse.
626 1340 693 1407 Nec
714 1343 797 1409 mihi
820 1342 892 1427 quis
914 1343 1024 1428 ipsum
1044 1341 1216 1410 Horatium

208 1464 361 1548 objiciat,
381 1464 561 1548 jactantem
583 1483 615 1526 se
626 1463 788 1547 primum
801 1460 909 1526 Parios
917 1461 1049 1547 jambos
1061 1463 1158 1545 Latio
1173 1474 1221 1529 ori

209 1583 356 1659 tendisse,
369 1601 523 1646 numeros
535 1579 726 1666 animosque
736 1593 884 1645 secutum
895 1578 1086 1647 Archilochi
1096 1581 1126 1650 ³.
1148 1581 1217 1649 Ete-

212 1701 283 1764 nim
296 1713 370 1766 ante
391 1697 565 1763 Horatium
577 1697 665 1761 idem
678 1699 811 1763 molitus
822 1700 929 1767 luerat
941 1692 1111 1778 Catullus,
1125 1723 1217 1787 quem

212 1819 274 1884 sibi
292 1832 395 1884 aetate
407 1818 595 1902 propiorem
608 1838 714 1901 quum
726 1838 794 1881 non
806 1817 1053 1896 celebravisset,
1076 1833 1218 1886 nouerat

213 1961 272 2004 rur
295 1938 516 2024 antiquiorem
540 1935 706 2001 Lucilium
723 1934 921 2003 nominaret.

258 2058 299 2122 In
310 2056 515 2144 exquirendis
527 2055 713 2121 Lucilianae
727 2055 843 2120 satirae
856 2055 1014 2132 fontibus,
1029 2069 1219 2139 praetercu-

215 2177 316 2242 micas
329 2190 362 2241 et
370 2176 626 2262 jambographos
641 2173 791 2251 Graecos,
803 2173 903 2239 etiam
919 2172 1221 2262 sillographos

215 2298 352 2360 suerunt
373 2295 430 2379 qui
455 2304 689 2358 memorarent.
736 2289 846 2376 Quam
868 2303 980 2385 tamen
1000 2295 1220 2378 quaestionem

215 2415 396 2498 prudenter
424 2410 595 2476 Hermann
623 2409 788 2488 removit,
810 2431 878 2479 non
901 2412 1046 2482 sufficere
1069 2415 1117 2479 ad
1139 2435 1221 2481 eom-

216 2534 420 2620 parationem
455 2531 619 2616 opinatus,
653 2529 680 2595 si
710 2529 854 2597 Lucilius
887 2552 995 2597 unum
1020 2533 1220 2618 alterumqaa

216 2651 353 2717 Homeri
383 2671 536 2726 versum,
570 2648 627 2734 qui
660 2648 695 2713 in
726 2649 967 2732 proverbialem
990 2649 1063 2715 rim
1082 2651 1224 2726 abierat,

217 2773 386 2858 integrum
415 2767 521 2833 satiris
542 2764 769 2847 immiscuit43
794 2780 899 2852 utque
921 2770 1137 2863 concedamus
1159 2765 1225 2837 Co·

216 2890 375 2966 sauhono,
397 2887 544 2952 Timonis
566 2887 601 2949 in
625 2907 726 2973 genus
748 2886 939 2951 universum
952 2887 1224 2972 philosophorum

217 3009 305 3076 dicta
321 3007 466 3092 aliquam
485 3003 669 3089 Lucilianae
691 3004 808 3069 satirae
828 3025 945 3078 auram
966 3006 1095 3085 afflare,
1119 3019 1223 3077 tamen

217 3127 301 3192 nihil
321 3127 412 3191 obest
435 3125 611 3210 quominus
631 3123 757 3189 Lucilio
777 3123 906 3190 licuerit
916 3123 1095 3209 Epicureos
1106 3122 1231 3199 essuri.

218 3267 271 3313 coe
302 3242 466 3320 deridere,
501 3254 600 3327 atque
626 3242 661 3307 id
689 3254 801 3308 tanren
835 3241 985 3308 sillorum
1015 3243 1224 3329 scriptoribus

217 3387 286 3434 non
310 3367 433 3431 referre
447 3374 641 3448 acceptum,
662 3383 743 3449 quos
766 3384 844 3443 eum
862 3364 1072 3441 aemulatum·
1085 3376 1145 3443 aut
1154 3363 1225 3441 imi·

217 3500 326 3555 tatum
347 3507 411 3553 esse
432 3504 531 3551 nemo
552 3495 709 3565 veterum.
722 3483 843 3550 docuit.
870 3534 872 3541 ,
905 3530 907 3535 ·
928 3544 931 3551 ,
953 3498 956 3505 ·

254 3729 268 3770 ι
305 3733 333 3782 p·
351 3715 396 3769 28.
419 3713 465 3766 Cf.
482 3717 645 3768 Dantur
663 3716 718 3784 Op.
734 3713 756 3768 l.
774 3730 806 3783 p·
824 3732 871 3781 22,
895 3712 945 3783 qui
960 3711 1068 3782 pariter
1086 3730 1102 3765 r
1119 3727 1223 3782 conpr·

220 3813 327 3866 ratione
343 3813 442 3865 satirae
459 3818 488 3865 et
503 3813 590 3882 iambi
606 3811 711 3866 alienus
727 3817 777 3864 ert.
1010 3789 1018 3802 ‘

257 3928 274 3965 a
308 3929 337 3979 p.
358 3910 419 3965 nl.

255 4009 273 4062 5
307 4011 362 4080 Bp.
385 4009 412 4074 l,
432 4008 535 4078 19,34.

255 4106 273 4160 t
307 4123 335 4174 p.
353 4102 397 4159 34.
