2580 4756
695 394 753 466 168

125 574 130 581 ’
219 582 264 646 cie
288 581 450 645 uirtutum
472 576 607 662 pessima
625 580 701 643 vitia
725 593 934 665 tegerentur,
958 596 991 644 at
1016 575 1072 648 ille
1097 587 1228 668 quidem

218 718 332 761 rerum
356 695 573 771 documentis,
586 695 885 760 demonstrarunt1.
900 717 917 756 u
942 695 1027 761 Sane
1046 701 1230 787 nemodig-

220 816 293 879 nior
325 814 445 889 fuerit,
476 815 527 878 cui
548 817 667 896 pellem
687 816 872 878 detraheret
900 816 1064 893 Lucilius,
1091 836 1159 903 qua
1178 838 1228 883 so·

219 929 308 994 lebat
333 931 386 993 ille
408 929 527 994 nitidus
552 949 610 1012 per
631 931 748 994 urbem
772 934 885 994 cedere
907 932 1091 997 introrsum
1116 936 1225 1018 turpis.

218 1047 282 1111 Sed
302 1049 337 1111 in
361 1049 444 1111 illius
465 1045 541 1109 libri
560 1046 768 1132 fragmentis,
793 1049 881 1131 quod
904 1069 979 1112 eum
1004 1065 1147 1133 spectet,
1160 1055 1225 1116 nul

220 1166 292 1227 lum
317 1164 481 1228 invenitur
497 1164 555 1226 nisi
566 1173 717 1226 sextum:
744 1162 839 1249 Quae
856 1182 947 1228 uuus
959 1162 1119 1232 Aemilio
1126 1188 1223 1254 pras-

219 1293 337 1357 caato,
362 1292 465 1366 atque
486 1284 587 1368 exigo
609 1291 712 1366 atque
733 1292 892 1356 exacuto,
917 1287 1006 1366 quod
1017 1285 1155 1350 obscure
1166 1287 1222 1352 dic=

220 1410 294 1463 tum
318 1419 385 1482 quo
405 1400 529 1473 valeat,
556 1412 764 1481 perspectum
788 1420 855 1462 non
871 1400 987 1465 habeo.

266 1514 359 1580 Libri
378 1517 490 1580 tertii
512 1517 724 1599 praecipuum
736 1530 971 1602 argumentum
983 1518 1128 1586 diximus
1139 1520 1220 1585 fuisse

220 1634 342 1717 itineris
361 1630 635 1714 descriptionem,
658 1635 746 1715 quod
770 1632 911 1697 Lucilius
935 1632 1045 1699 Roma
1061 1634 1145 1702 fecit
1165 1634 1221 1702 ca·

219 1775 341 1836 puam,
368 1764 400 1816 et
430 1750 506 1813 inde
536 1750 577 1813 ad
604 1754 728 1813 fretum
760 1770 861 1834 usque
883 1748 1045 1815 Siciliense
1056 1752 1087 1818 ².
1133 1753 1220 1837 Cujus

219 1871 342 1936 itineris
374 1867 645 1951 simplicissimam
680 1866 840 1932 rationem
865 1881 897 1932 ct
919 1888 1083 1954 perquam
1102 1869 1220 1958 exiguos

219 2001 346 2052 sumtus
374 1986 487 2062 fuisse,
523 1984 615 2049 facile
636 1984 727 2048 nobis
749 1987 989 2065 persuademus.
1036 1984 1219 2071 Susceptum

221 2105 309 2168 enim
337 2126 413 2168 cum
437 2124 503 2166 uno
521 2104 591 2167 viae
612 2101 750 2177 comite,
772 2114 926 2185 sequente
949 2123 1053 2168 servo.
1102 2105 1148 2170 Ac
1164 2105 1219 2188 pri·

220 2241 317 2295 mum
337 2221 470 2304 quidem
485 2223 631 2301 pedestre
654 2220 784 2284 videtur
797 2219 910 2296 suisse;
935 2219 1106 2316 cantherio
1123 2234 1218 2287 autem

220 2340 397 2412 manticam
410 2337 574 2419 imposuit,
588 2359 671 2422 quae
685 2351 784 2402 costas
793 2339 860 2421 ejus
872 2337 1032 2424 gravitate
1048 2340 1218 2422 premebat.

222 2455 275 2530 Sic
287 2457 393 2521 Romal
407 2456 611 2539 proficiscens
623 2455 786 2521 referebat
797 2455 942 2538 priscum
954 2456 1051 2519 illum
1063 2456 1220 2531 Catonem,

221 2578 291 2669 pari
314 2576 519 2660 simplicitate
542 2574 605 2638 iter
625 2575 850 2639 instituentem
863 2573 896 2652 33
923 2575 1087 2640 referebat
1097 2576 1236 2640 seniores·

221 2696 365 2770 amicos,
387 2694 535 2757 Laelium
557 2707 590 2756 et
613 2691 809 2776 Scipionem,
838 2712 936 2774 parce
961 2691 1135 2778 sobrieque
1155 2689 1221 2755 ioris

222 2816 339 2898 degere
371 2813 490 2877 solitos.
534 2809 658 2876 Ostiam
694 2812 839 2884 delatus,
860 2810 955 2893 juxta
978 2830 1073 2873 mare
1093 2812 1133 2874 ad
1152 2811 1221 2871 linas

223 2927 413 2992 Setinorum
436 2929 612 2992 contendit.
658 2925 733 3010 Quo
756 2925 1127 3019 appropinquantium,
1149 2944 1222 3010 qnae

220 3048 294 3112 satis
318 3048 484 3128 expedita,
508 3059 594 3111 certe
617 3047 725 3110 minus
745 3047 847 3109 ardua
864 3047 994 3121 fuerat,
1017 3047 1155 3139 majores
1170 3044 1225 3108 dii·

223 3166 383 3229 ficultates
394 3164 527 3247 objecit,
546 3163 668 3247 quippe
680 3164 850 3247 paludibus
862 3162 1043 3245 Pomptinis
1055 3164 1144 3229 invia
1155 3165 1223 3226 fere.

224 3282 304 3359 Inde
322 3305 339 3346 e
357 3282 489 3366 planitie
504 3293 630 3357 montes
651 3296 745 3346 eraut
763 3281 937 3365 superandi
958 3282 1062 3364 asperi
1088 3295 1123 3345 et
1137 3300 1226 3364 prae·

222 3401 323 3484 rupti.
358 3400 556 3464 Perventum
585 3395 756 3481 Capuam,
789 3397 846 3461 ubi
878 3396 1078 3462 commorari
1100 3394 1225 3480 placuit.

223 3519 356 3585 Affuisse
379 3518 425 3582 ibi
440 3517 583 3582 Lucilius
602 3514 772 3581 certamini
790 3514 980 3601 gladiatorio
992 3512 1139 3590 videtur,
1162 3532 1228 3578 cer·

223 3637 364 3701 tentibus
386 3634 561 3700 Aesernino
583 3631 730 3701 Samnite
763 3646 796 3699 et
827 3632 1050 3710 Placideian0,
1078 3632 1135 3728 qui
1165 3641 1228 3699 arte

251 3846 523 3865 -·--·-·--··-Ἷ

259 3967 271 4005 ι
309 3948 423 4018 Proleg·
441 3951 480 4000 ad
498 3952 520 3998 C
528 3952 538 4000 i
550 3967 574 4001 c.
592 3953 678 4000 Brut.
697 3948 879 4017 pxtvltt.

258 4065 275 4108 a
311 4044 379 4111 sup.
398 4061 426 4110 r·
445 4041 488 4112 ⁵9·

258 4143 274 4205 ᾗ
314 4144 450 4194 Senes.
469 4143 523 4209 Ep.
541 4143 583 4209 87.
