2580 4756
635 429 673 493 41

139 600 357 681 'testimonia
384 606 485 692 magis
513 607 652 672 dubium
677 610 784 684 foret,
803 607 884 694 quin
908 612 1022 674 eodem
1045 630 1156 674 amore

149 714 243 789 hunc
270 736 456 807 prosecutus
487 724 529 790 sit
549 723 675 810 Scipio,
707 747 808 810 quam
841 727 992 792 credibile
1009 741 1078 804 est,
1101 727 1158 792 ina

149 863 324 908 armorum
343 844 591 929 studiorumque
609 845 798 922 sodalitate,
822 867 905 931 quae
912 849 1068 931 juvenem
1081 866 1160 910 cum
1248 882 1249 886 =

147 964 272 1046 juvene
296 962 532 1049 conjungebat,
564 984 632 1027 non
659 964 835 1029 excitatum
861 964 1025 1031 Lucilium
1046 964 1159 1042 fuisse,

150 1092 191 1144 ut
223 1079 323 1167 digne
352 1079 466 1145 Rutilii
494 1083 603 1148 laudes
629 1084 859 1148 aemularetur.
911 1081 975 1148 Sed
1007 1081 1160 1148 Horatius

150 1198 248 1262 nobis
283 1199 369 1264 testis
398 1213 463 1278 est,
498 1221 598 1286 quem
624 1199 780 1266 lubentur
801 1200 979 1287 accipimus
1010 1202 1057 1267 sic
1076 1203 1161 1266 refe·

151 1316 332 1383 rentem¹:
401 1355 404 1361 -
605 1307 607 1310 ⁵

200 1435 299 1523 Quia
319 1435 382 1500 aas
400 1459 435 1500 se
457 1459 479 1500 a
499 1438 604 1526 uulgo
622 1449 654 1502 et
675 1460 773 1502 scena
786 1441 968 1504 iaseorsta
985 1449 1161 1508 remorant

203 1554 338 1621 Virtus
347 1553 534 1643 Scipiadae
546 1569 587 1622 *et
604 1559 707 1623 mitis
729 1560 907 1648 sapientia
929 1558 1052 1636 Laeli,

199 1672 347 1764 Nugars‘
366 1696 443 1741 cam
467 1677 534 1742 illo
555 1690 587 1743 et
609 1676 776 1743 dieriacts‘
794 1678 931 1756 ludere,
955 1678 1056 1743 dortac

202 1792 456 1883 Decoqueratar
478 1795 575 1872 olas,
599 1797 711 1861 soliti.

136 1912 267 2009 ¹Quem
302 1917 411 1979 locum
446 1915 491 1979 ita
515 1929 758 1980 commentatur
789 1913 992 1998 interpres2:
1016 1915 1107 1984 aubi
1130 1936 1163 1979 se

116 2058 120 2063 ·
153 2055 176 2098 a
199 2032 332 2116 publico
364 2047 537 2118 conspectu
562 2034 661 2098 intra
686 2054 759 2098 suos
777 2035 912 2117 parietes
936 2048 1162 2111 removerant,

154 2150 267 2235 Scipio
301 2166 335 2215 et
362 2151 489 2238 Laelius
518 2153 620 2236 jocari
651 2137 797 2217 solebant
823 2173 901 2217 cum
921 2152 990 2236 ipso
1014 2151 1162 2230 Lucilio,

155 2271 300 2355 expediti
324 2272 504 2356 majoribus
533 2272 667 2359 negotiis
688 2285 720 2337 et
743 2271 892 2356 depositis
912 2273 1010 2338 seriis.
1032 2263 1034 2266 Α
1056 2270 1165 2355 Scipio

155 2390 329 2458 Africanus
351 2392 439 2456 enim
462 2405 495 2457 et
515 2392 640 2458 Laelius
658 2395 809 2457 feruntur
830 2406 899 2456 tam
915 2393 1009 2458 fuisse
1025 2393 1167 2458 familia·

157 2532 211 2576 ras
232 2523 264 2575 et
282 2511 378 2576 amici
403 2510 549 2588 Lucilio,
576 2524 614 2575 ut
634 2514 777 2596 quodam
798 2524 947 2595 tempore
964 2511 1073 2576 Laelio
1099 2512 1166 2576 cir-

158 2648 239 2694 cum
278 2631 375 2694 lectos
413 2629 543 2696 triclinii
579 2629 716 2717 fugienti
759 2629 901 2694 Lucilius
940 2629 1166 2712 superveniens
1198 2684 1202 2689 ff

157 2769 240 2814 eum
277 2744 407 2813 ob'tor‘ta
443 2769 565 2832 mappa
599 2748 689 2831 quasi
729 2747 883 2810 feriturus
918 2759 1119 2830 sequeretur.
1146 2765 1165 2807 a

159 2863 379 2953 Cognoscitur
390 2887 429 2930 ex
448 2865 517 2941 his,
542 2865 645 2949 qualis
656 2864 752 2928 fuisse
769 2864 981 2929 existimanda
992 2863 1033 2928 sit
1050 2863 1168 2929 amici·

158 2983 217 3061 tia,
231 3003 331 3068 quae,
341 2996 437 3068 parta
458 2981 660 3050 Numantino
674 2982 770 3059 bello,
790 2985 939 3048 confecto
950 3002 989 3047 eo
1001 2981 1167 3071 Lucilium

159 3100 273 3167 Laelio
302 3122 435 3187 quoque
455 3102 645 3186 conjunxit,
674 3103 950 3186 vehementerque
973 3102 1166 3167 conciliavit.

160 3219 249 3287 Nam
271 3233 341 3285 tam
360 3234 451 3286 arcta
471 3219 664 3286 cernebatur
683 3220 914 3286 consuetudine
935 3234 968 3285 et
988 3222 1030 3285 ad
1042 3233 1169 3284 tantam

159 3339 393 3406 remittebatur
404 3339 668 3415 familiaritatem,
691 3352 748 3417 ut,
767 3338 864 3404 rebus
876 3338 910 3402 in
930 3341 1002 3402 foro
1013 3338 1168 3421 peractis,

162 3480 271 3544 quum
286 3480 319 3523 se
332 3459 366 3522 in
383 3459 494 3523 villam
514 3457 741 3535 contulissent,
762 3471 890 3522 mutata
906 3470 991 3522 veste
1003 3458 1169 3520 adludum

161 3599 196 3644 se
232 3576 358 3642 Lucilio
390 3579 516 3644 darent.
561 3577 759 3664 Intelligitur
785 3589 895 3641 autem
921 3575 1040 3653 simul,
1068 3595 1169 3660 quam

163 3695 299 3782 frugalis
324 3708 403 3760 esset
428 3717 466 3760 ac
488 3716 647 3780 perquam
667 3695 806 3778 simplex
828 3694 912 3759 vitae
934 3693 1037 3770 ratio,
1069 3714 1170 3778 quam

164 3814 226 3880 viri
245 3813 304 3905 ¹illi
338 3827 489 3902 agerent,
525 3813 642 3900 quibus
676 3807 745 3878 olus
776 3814 934 3878 sufficeret
954 3811 981 3877 3.
1035 3808 1169 3877 Secreta

172 3965 449 3979 ——u—-n—

201 4053 216 4095 1
255 4043 317 4103 Sat.
341 4039 384 4104 11,
408 4057 569 4110 r,71·sqq·

201 4156 219 4192 a
256 4141 386 4192 Contra.
416 4141 498 4210 Oruq·
527 4155 554 4205 p.
574 4137 663 4208 fraqe.
900 4192 902 4197 ,
1094 4189 1097 4197 ‚

201 4235 219 4287 3
253 4231 431 4287 DeLoeli
443 4235 453 4286 i
473 4235 628 4305 frugalitate
649 4235 685 4294 cf.
706 4235 748 4286 oi
758 4252 782 4290 c.
800 4235 833 4288 de
851 4234 914 4288 Fia.
936 4232 977 4297 ll,
997 4233 1026 4299 8,
1045 4229 1089 4287 24·
