2580 4756
624 365 686 426 21⁴7

133 534 256 603 mavit:
290 537 354 622 qui
383 535 633 621 rempublicam
668 534 806 600 ecloum
828 558 897 600 csse
921 536 1059 616 volaret,
1091 562 1144 604 me

131 665 333 742 sequantur.
366 652 454 716 Tum
467 653 539 728 ille,
560 653 790 718 comitantibus
808 655 938 731 multis,
953 654 1142 722 Gracchum

131 773 243 854 ipsum
262 782 294 832 et
319 768 494 832 factionem
517 769 584 851 ejus
606 783 713 834 morte
733 790 851 853 poenas
872 776 1054 853 persolvere
1070 778 1144 838 coi·

132 890 219 974 git1.
265 860 339 950 Post
374 888 459 951 hanc
482 884 623 950 Gracchi
647 888 772 949 cladem
791 885 943 952 Scaevola
960 889 1026 954 sire
1042 904 1143 958 natu·

132 1027 189 1070 rae
206 1003 445 1077 imbecillitate,
470 1001 537 1065 sive
556 1001 735 1066 sententiae
754 1003 884 1067 levitate
904 1024 1075 1070 conversus
1097 1022 1144 1072 est

133 1134 166 1185 et
187 1119 225 1184 C.
251 1117 370 1200 Papirii
392 1117 549 1182 Carbonia
573 1117 714 1181 similem
733 1139 767 1183 sc
787 1119 948 1200 probavit.
996 1119 1144 1188 Conten-

133 1236 184 1300 dit
214 1236 303 1299 enim
332 1255 390 1310 ea,
410 1255 493 1318 quae
513 1233 669 1316 privatus·
685 1233 721 1298 P.
744 1233 853 1318 Scipio
875 1238 1037 1302 sumsisset
1059 1253 1092 1304 et
1112 1242 1146 1305 in

133 1351 324 1416 Gracchum
344 1350 542 1426 strinxisset,
562 1371 654 1414 arma
673 1353 748 1434 jure
769 1352 895 1434 optimo
913 1369 1022 1420 sumta
1034 1356 1146 1433 luisse,

133 1467 408 1551 confirmavitque
426 1467 538 1530 multis
557 1464 648 1531 SCtis
665 1480 697 1531 et
718 1470 847 1532 ornavit
873 1472 999 1536 factum
1011 1471 1039 1537 2.
1073 1471 1147 1538 Nou

135 1585 261 1648 mirum
286 1584 386 1668 igitur
409 1584 491 1647 illud
523 1581 699 1667 Scipionis,
730 1587 812 1650 moti
842 1588 904 1653 hac
932 1588 1147 1655 inconstantia

135 1699 289 1765 hominis.
335 1700 496 1784 Quicum
519 1700 565 1765 M.
587 1701 720 1766 Flaccus
738 1702 789 1777 ei,
811 1704 924 1768 multis
937 1704 1066 1787 probris
1089 1707 1147 1770 ob·

134 1819 246 1902 jectis,
270 1817 304 1880 P.
317 1817 466 1881 Mucium
486 1817 633 1900 judicem
656 1819 794 1895 tulisset,
815 1821 925 1904 ejero,
951 1821 1060 1907 inquit
1081 1821 1173 1887 Sci·-

137 1934 217 2016 pic,
240 1936 387 2018 iniquae
409 1944 469 1996 est.
517 1932 605 1997 Cum
635 1947 714 1997 esset
736 1936 1046 2001 admurmuratum:
1069 1936 1151 2003 Ab!

135 2051 269 2133 inquit,
305 2048 350 2113 P.
376 2048 412 2113 0.
436 2071 505 2112 uon
530 2071 590 2138 ego
615 2051 709 2115 mili
726 2051 835 2116 illam
855 2056 1018 2141 iniquum
1035 2058 1148 2143 ejero,

137 2189 259 2229 verum
279 2164 472 2230 omnibus&

182 2401 279 2465 Hunc
298 2402 398 2487 igitur
417 2400 566 2470 Mucium
586 2405 731 2468 maxime
754 2405 924 2487 probabile
940 2423 988 2474 est
1008 2412 1149 2478 invisum

136 2519 233 2583 fuisse
255 2519 391 2594 Lucilio,
410 2539 487 2582 cum
501 2518 545 2582 ob
562 2519 796 2583 inconstantiae
805 2524 948 2597 famam,
963 2536 1037 2588 tum
1049 2531 1150 2609 quod,

138 2635 260 2700 Metelli
299 2634 447 2718 Caprarii
477 2633 602 2706 instar,
630 2655 708 2697 eum
737 2635 979 2701 obtrectantem
1001 2637 1146 2722 Scipioni

138 2753 350 2839 cognovisset.
394 2746 458 2814 Sed
486 2750 528 2812 ab
549 2769 587 2812 eo
606 2747 663 2814 hic
685 2749 839 2836 distingui
856 2764 987 2835 oportet
1007 2752 1049 2839 Q.
1071 2755 1150 2823 Mu-

138 2870 245 2933 cium
265 2867 499 2931 Scaevolam
515 2887 693 2951 augurem,
712 2866 765 2929 cui
775 2867 961 2932 subiratum
974 2871 1069 2937 fuisse
1080 2874 1153 2940 Lu·

138 2985 254 3049 cilium
278 2983 428 3049 uidimus.
458 2974 711 3046 Inimicitiarum
734 2986 959 3067 opportunitas
982 3011 1066 3072 quae
1079 2995 1155 3057 iue-

139 3101 200 3176 rit‚
218 3099 410 3181 publicaene
427 3119 469 3162 an
488 3097 644 3180 privatae,
668 3102 790 3163 frustra
810 3102 1008 3185 quaerimus.
1031 3104 1154 3192 Quodsi

140 3237 217 3281 vero
249 3215 364 3299 aliquis
396 3214 589 3299 conjiciendi
621 3219 711 3281 locus
740 3238 805 3282 esse
836 3220 977 3303 poterit,
1000 3226 1155 3307 suspicio-

140 3354 218 3398 nem
255 3345 388 3408 movet,
425 3334 514 3417 quod
546 3335 701 3416 praetura
726 3333 820 3400 Asiae
844 3339 976 3402 functus
1000 3338 1155 3409 Scaevola

142 3473 171 3516 a.
190 3453 256 3514 633
273 3447 366 3539 (121)
381 3449 451 3515 aT.
464 3449 606 3515 Albucio
621 3455 881 3535 repetundarum
893 3467 941 3518 est
949 3471 1114 3525 accusatus
1124 3460 1153 3529 4.

143 3569 308 3633 Lucilium
329 3568 422 3632 Asiae
441 3566 538 3632 fuisse
552 3569 767 3652 publicanum
789 3582 934 3649 constat3
958 3545 1151 3656 aciortasse,

178 3808 189 3843 ι
235 3792 431 3846 VaLMax.
451 3791 510 3858 111,
530 3809 558 3858 a,
578 3808 620 3865 17.

178 3903 195 3939 α
234 3888 275 3938 ci
286 3906 309 3938 c.
324 3905 378 3958 pro
396 3889 498 3943 Plane.
515 3887 561 3955 36,
579 3889 625 3943 88·
643 3890 700 3942 Pro
717 3891 798 3943 domo
816 3891 862 3959 3⁴,
880 3909 926 3963 9¹·

179 3982 196 4033 5
231 3985 251 4033 Ι
260 3984 286 4035 d.
306 3985 439 4036 deOrcr.
461 3983 503 4049 11,
522 4003 569 4056 70,
588 3984 648 4039 285.

179 4080 196 4130 4
232 4081 251 4136 Ι
260 4080 287 4131 d.
310 4081 369 4132 eod.
387 4097 433 4150 70,
453 4082 514 4138 281.
530 4087 613 4136 Brut.
633 4079 678 4148 26,
699 4097 761 4142 [οι.
