2580 4756
637 379 676 439 19

132 565 281 620 'auctore
314 556 364 619 eit
394 553 546 621 edisset
593 554 828 620 Difficillimum
849 564 914 632 est',
936 579 1066 622 causam
1092 556 1155 622 tri-

132 672 280 758 partitae
314 672 548 738 distributionis
575 650 731 739 invenire.
786 671 821 738 si
840 673 1031 757 bipartitam
1055 674 1156 740 dixis·

138 804 189 855 set
227 789 469 878 Hieronymus,
507 793 646 855 alteram
672 792 985 857 commemoratione
1006 807 1156 859 veterum

139 920 329 984 oratorum,
373 912 510 973 alteram
548 931 586 974 ca
621 922 715 994 parte
749 909 924 980 constitisse
961 910 1157 998 intelligere·

132 1048 250 1104 mus,
284 1049 352 1112 qua
391 1049 456 1093 suc
491 1029 624 1104 initia,
664 1051 746 1094 suos
771 1027 932 1116 gradus,
965 1052 1047 1094 suae
1090 1029 1158 1094 elc-

133 1146 306 1232 quents'ae
340 1144 435 1209 eolus
477 1142 655 1233 quondam
702 1143 938 1210 educationem
984 1147 1098 1211 retulit
1128 1146 1156 1214 ⁹.

140 1261 258 1340 Nunc,
293 1265 334 1328 ad
376 1265 576 1347 conjecturas
610 1263 743 1348 rejecti,
765 1264 970 1348 suspicamur
1000 1268 1068 1328 non
1089 1264 1159 1328 sine

140 1383 288 1466 quadam
326 1382 394 1446 veri
427 1381 550 1466 specie,
582 1382 727 1466 primam
751 1395 880 1465 partem
903 1382 1101 1454 continuisse
1122 1405 1160 1449 ea

141 1501 262 1583 capita,
288 1499 408 1586 quibus
434 1514 576 1564 oratores
599 1499 717 1564 Graeci
735 1512 768 1564 et
781 1499 977 1564 Latinorum
989 1513 1159 1566 oratorum

141 1617 310 1703 quotquot
342 1638 446 1702 usque
475 1619 516 1682 ad
541 1613 675 1682 Antonii
699 1629 732 1680 et
755 1615 860 1683 Crassi
884 1630 1024 1682 aetatem
1040 1619 1160 1683 florue·
1206 1681 1208 1684 .

141 1748 240 1813 runt,
261 1737 586 1820 comprehenduntur
610 1735 653 1824 (c.
670 1731 807 1821 1-36).
842 1734 947 1801 Alteri
960 1757 1055 1814 vero,
1076 1758 1161 1820 quae

142 1857 421 1938 complecteretur
446 1876 563 1919 eorum
596 1854 813 1930 memoriam,
830 1854 889 1938 qui
908 1875 1002 1919 suam
1020 1866 1160 1919 aetatem

139 1972 385 2056 praecessissent
409 1973 451 2060 (c.
477 1968 644 2058 37-70)‚
688 1971 870 2036 successisse
892 1972 1050 2049 tertiam,
1075 1994 1160 2057 quae

139 2089 264 2155 ultima
293 2103 372 2155 esset
407 2112 445 2155 ac
468 2104 652 2155 versaretur
686 2090 721 2153 iu
754 2089 932 2154 recolendis
966 2090 1155 2175 aequalium

136 2219 316 2270 oratorum
343 2208 479 2275 meritis.
524 2205 634 2292 Quam
659 2207 753 2272 facile
777 2207 855 2272 hinc
877 2228 992 2273 rerum
1013 2207 1160 2273 narratio

144 2325 289 2409 perverti
314 2339 346 2389 et
370 2326 575 2392 commisceri
598 2327 763 2409 potuerit,
786 2325 840 2393 uix
853 2329 1002 2411 estquod
1025 2340 1163 2391 monea-

143 2463 242 2506 mus:
274 2456 382 2506 noster
412 2457 524 2508 autem
552 2444 607 2507 hic
632 2446 723 2511 locus
760 2443 946 2509 testimonio
987 2455 1045 2509 est.
1080 2441 1163 2507 Mihi

145 2559 282 2644 quidem
311 2561 482 2644 probabile
514 2562 644 2627 uidetur
679 2560 875 2627 aCicerone
902 2558 940 2626 C.
965 2559 1042 2623 Titii
1065 2580 1164 2652 rnen·

138 2675 271 2741 tionem
303 2700 368 2742 esse
402 2681 543 2754 factam,
582 2701 690 2764 neque
718 2679 786 2762 ejus
809 2690 966 2752 tanturn,
991 2676 1049 2759 qui
1073 2698 1163 2741 nunc

140 2794 279 2880 legitur,
301 2798 357 2861 sed
382 2798 481 2862 etiam
504 2797 645 2861 alterius.
679 2793 884 2860 Memoratur
907 2815 925 2856 a
952 2792 1056 2856 Dione
1080 2791 1163 2858 Ces·

145 2912 195 2978 sio
218 2914 259 2977 ad
281 2937 310 2978 a.
328 2915 393 2978 665
417 2914 487 3004 (89)
519 2919 620 2987 Γάϊος
633 2916 761 2992 Τίτιος,
785 2913 866 2997 ἀνὴρ
887 2912 1035 2997 ,ἅγοραῖὸς
1058 2914 1111 2976 καὶ
1128 2915 1162 2978 s'st

149 3028 361 3118 δικαστηρίων
385 3037 441 3099 τὸν
463 3035 536 3120 βίον
559 3036 760 3114 ποιούμενος,
791 3037 832 3115 τῇ
850 3053 883 3094 re
904 3030 1064 3115 παρ’ῥησίᾳ
1085 3020 1164 3112 μετὰ

149 3147 381 3236 ἀναισχυντίας
404 3159 575 3238 κατακορεῒ
603 3154 759 3238 χρώμενος
774 3131 805 3215 ³,
857 3145 1069 3224 Manifestum
1094 3161 1162 3225 est,
1186 3194 1187 3197 η

149 3265 281 3330 diflerre
312 3270 400 3332 hunc
427 3268 555 3332 Titium
586 3268 627 3331 ab
649 3288 706 3342 co,
728 3265 785 3350 qui
805 3263 952 3336 Ciceroni
970 3263 1163 3332 laudatur4.
1233 3271 1236 3278 '

138 3525 157 3588 '1
185 3560 197 3596 t
235 3546 334 3618 Praef.
361 3547 392 3596 in
409 3545 477 3599 libb.
497 3545 631 3616 Paralip.
659 3563 688 3614 p.
707 3545 767 3618 751.
803 3541 896 3612 Quum
914 3539 1075 3609 Hieronymi
1091 3546 1164 3594 setas

149 3639 223 3691 intra
243 3656 329 3694 annos
346 3642 490 3706 350-420,
516 3622 653 3696 Macrobii
672 3637 880 3711 intrc395-435
900 3655 928 3702 p.
948 3632 1002 3688 Cb.
1020 3633 1162 3698 inciderit,

149 3733 198 3788 trie
223 3735 339 3789 sortasse
356 3738 496 3803 exemplar
515 3737 595 3791 Bruti
612 3737 735 3801 habuit,
766 3736 814 3789 ilbi
834 3733 976 3786 temeraria
995 3731 1047 3784 ista
1066 3731 1165 3787 divisio

147 3813 305 3886 brunnen.

185 3949 202 3985 2
238 3929 404 4000 (Plinii)
424 3931 508 3987 Dici.
525 3934 557 3984 de
575 3935 670 3985 Oratt.
689 3949 716 3984 c.
734 3929 778 3983 30.

185 4025 202 4076 s
236 4028 352 4098 rragm.
369 4024 467 4080 cxiv
486 4046 514 4094 p.
532 4030 566 4084 ts
584 4028 638 4081 rs.
654 4009 837 4093 nemerim.
855 4013 907 4079 104
926 4020 1057 4085 seuseu.)
1145 4037 1148 4041 ·

182 4119 202 4175 6
234 4107 615 4189 Meyertlmihttatnimm
629 4128 834 4180 Westsrmo
845 4141 888 4172 nn
902 4120 932 4169 ll
953 4117 1067 4171 cundem
1079 4117 1161 4180 putet

653 4255 707 4316 2*
