2580 4756
604 337 645 400 59

137 520 186 584 cit
214 516 363 602 Capuam
389 528 421 578 ct
444 515 518 578 inde
537 517 578 577 ad
614 518 736 578 fretum
770 535 871 599 usque
908 513 1136 580 Siciliense¹.»

136 634 299 705 Placuisee
313 633 415 718 poetis
437 631 623 717 hujusmodi
643 615 801 697 itinerum
821 634 1019 698 narrationes
1042 634 1141 697 inser-

134 756 178 822 tis
205 777 284 821 cum
309 750 489 818 commodis
511 765 543 815 et
562 750 828 829 oblectamentis,
851 765 924 816 tunt
947 750 1141 817 difficultati·
1232 739 1236 748 ’

133 875 242 940 buret
264 868 439 946 molestiis,
462 882 579 933 notum
596 881 654 933 est.
682 866 736 934 Sic
745 868 822 944 ille,
845 889 913 954 quo
931 872 1081 952 exemplo
1092 867 1142 935 usi

132 1005 213 1059 sunt
239 988 277 1055 in
298 986 413 1053 multis
438 986 582 1051 Lucilius
596 999 629 1051 et
652 984 825 1066 Horatius,
847 989 983 1054 Alcaeus
1004 988 1141 1075 naviga·

136 1107 265 1176 tionem
281 1129 375 1172 suern
390 1103 534 1172 versibus
557 1105 725 1190 exposuit3

270 1225 323 1290 Et
346 1235 574 1289 resonantem
592 1225 732 1311 plenius
756 1247 860 1289 aureo

321 1341 445 1410 Alcaeo
463 1343 598 1430 plectro
623 1343 712 1408 dura
738 1348 878 1409 nocie

359 1463 464 1529 Dura
478 1461 595 1552 fugas
616 1464 736 1539 mola,
760 1462 852 1529 duro
874 1463 960 1530 hetti
973 1462 999 1529 2.

136 1584 197 1651 ubi
222 1582 402 1667 interpres:
435 1584 640 1647 saevissima
657 1583 755 1646 molo
778 1606 860 1648 suos
881 1585 1147 1672 navigationis,

136 1703 224 1769 dum
248 1701 390 1789 fugeret
419 1713 589 1786 tyrannos
622 1700 905 1787 Mitylenaeas&
951 1702 1022 1786 Ipse
1045 1700 1150 1768 Hora·

137 1821 205 1886 tius
232 1820 295 1884 iter
315 1819 357 1885 ab
381 1820 463 1884 urbe
476 1820 584 1884 Roma
602 1818 769 1902 descripsit
779 1820 1002 1886 Brundusium
1027 1842 1149 1905 usque,

141 1959 407 2004 commemorans
431 1940 499 2022 ejus
511 1936 637 2003 itineris
655 1936 883 2015 incommoda,
905 1938 1003 2003 simul
1022 1941 1152 2004 etiaee·

139 2074 213 2124 tam
237 2050 479 2122 contentionem
497 2053 662 2121 Sarmenti
685 2078 815 2121 scurrae
832 2070 865 2121 et
876 2055 983 2122 Messii
996 2056 1150 2126 Cicirrit.

140 2177 269 2242 Persius
293 2197 424 2261 quoque
452 2175 488 2240 in
506 2173 647 2259 pueritia
668 2174 796 2258 scripsit
816 2176 985 2262 utriusque
1003 2180 1154 2263 exemplo

143 2296 356 2382 όδοιπορικῶν
379 2295 503 2359 librum
528 2293 728 2381 singularem
747 2293 775 2360 5.
820 2295 869 2360 De
892 2294 1012 2361 Lucilii
1036 2298 1152 2363 itinere

142 2414 277 2481 monuit
306 2411 478 2500 Varges⁶‚
523 2435 607 2498 quae
638 2412 723 2500 grati
757 2412 949 2498 excipimus.
1003 2415 1154 2480 Primum

143 2533 247 2621 igitur
267 2531 329 2597 iter
359 2530 436 2597 fecit
463 2553 522 2616 per
536 2564 538 2569 ·
551 2531 708 2608 Latium,
732 2532 846 2596 deinde
867 2532 903 2597 in
924 2546 1024 2616 portu
1046 2536 1156 2619 aliquo

146 2649 349 2735 Campaniae
374 2671 456 2714 nave
478 2671 648 2715 conscensa
667 2648 841 2714 Salernum
864 2663 974 2715 vectus
994 2664 1062 2727 est,
1080 2653 1155 2718 inde

145 2773 190 2836 ad
206 2769 398 2834 Palinurum
420 2768 705 2852 promontorium:
745 2780 818 2834 tum
841 2767 1053 2851 probabiliter
1074 2771 1160 2836 mari

147 2891 192 2954 ad
227 2891 352 2953 fretum
383 2886 531 2953 Siculum
553 2886 739 2952 contendit.
774 2884 906 2951 Nullam
928 2909 1028 2971 porro
1047 2888 1160 2976 gravi-

148 3029 245 3073 orem
281 3028 410 3072 oauram
444 3005 540 3070 fuisse
564 3004 741 3088 suspicatus
771 3016 817 3069 ost
847 3005 985 3090 suscepti
1012 3006 1159 3087 itineris,

149 3127 208 3191 sed
229 3125 332 3189 animi
351 3122 448 3189 caust
472 3145 644 3189 excursum
664 3121 773 3187 secisse
788 3143 864 3187 cum
888 3123 994 3189 amico
1016 3128 1161 3209 quodam

138 3227 187 3308 ¹ot
211 3263 315 3308 servo.
360 3243 587 3310 Veruntamen
616 3255 693 3306 sunt
709 3242 871 3326 quaedam
894 3240 1048 3330 vestigia,
1076 3268 1161 3329 quae
1243 3223 1248 3232 ’

169 3450 448 3469 ffl—

191 3577 204 3612 1
245 3561 268 3611 0
274 3576 290 3609 o
302 3575 329 3609 m
339 3576 377 3609 m·
396 3560 479 3628 Cruq.
496 3560 536 3611 od
549 3563 620 3613 Hor.
641 3561 704 3611 Sat.
723 3556 777 3622 1,5
795 3556 885 3613 initio.

191 3676 209 3712 2
242 3660 275 3710 H
284 3674 300 3708 o
313 3675 339 3709 r.
357 3657 410 3708 Od·
430 3653 588 3721 11,15,26.
615 3655 661 3710 cf.
679 3654 764 3722 1‚32,
775 3673 802 3726 7.

191 3753 211 3805 5
247 3755 382 3806 Gomm.
403 3756 488 3824 Graq·
504 3770 532 3821 p.
552 3754 613 3812 114.

193 3848 212 3900 4
252 3853 315 3906 Sat.
335 3850 362 3915 1,
379 3849 407 3903 5.
558 3837 560 3841 ¹

194 3943 213 3999 5
256 3950 286 4002 V
284 3948 330 4000 ita
350 3949 482 4001 Suetonio
499 3948 622 4014 affecta.
726 3957 729 3964 '

195 4047 212 4101 6
250 4048 279 4098 C.
299 4047 430 4098 Lucil.
453 4045 544 4103 Satis.
562 4063 634 4116 quoe
651 4065 685 4099 ox
703 4045 776 4098 libro
793 4046 880 4098 tertio
896 4059 1058 4118 supersunt.
1086 4051 1167 4107 Stel-

165 4143 204 4194 tin
223 4140 299 4198 1836.
317 4142 362 4197 Cf.
378 4145 407 4196 R
417 4162 435 4198 u
445 4153 509 4215 tge
521 4163 559 4198 rs
573 4150 666 4202 necet.
691 4144 795 4202 Vesus.
816 4141 857 4198 15·
