<?xml version="1.0" encoding="UTF-8"?>
<!DOCTYPE html PUBLIC "-//W3C//DTD XHTML 1.0 Transitional//EN"
    "http://www.w3.org/TR/xhtml1/DTD/xhtml1-transitional.dtd">
<html xmlns="http://www.w3.org/1999/xhtml" xml:lang="en" lang="en">
 <head>
  <title>
</title>
<meta http-equiv="Content-Type" content="text/html;charset=utf-8" />
  <meta name='ocr-system' content='tesseract 3.04.00' />
  <meta name='ocr-capabilities' content='ocr_page ocr_carea ocr_par ocr_line ocrx_word'/>
</head>
<body>
  <div class='ocr_page' id='page_1' title='image "./studiacriticain00heusgoog_0015.png"; bbox 0 0 2580 4756; ppageno 0'>
   <div class='ocr_carea' id='block_1_1' title="bbox 635 363 654 425">
    <p class='ocr_par' dir='ltr' id='par_1_1' title="bbox 635 363 654 425">
     <span class='ocr_line' id='line_1_1' title="bbox 635 363 654 425; baseline 0 0"><span class='ocrx_word' id='word_1_1' title='bbox 635 363 654 425; x_wconf 78' lang='lat' dir='ltr'><strong>l</strong></span> 
     </span>
    </p>
   </div>
   <div class='ocr_carea' id='block_1_2' title="bbox 134 563 1136 1226">
    <p class='ocr_par' dir='ltr' id='par_1_2' title="bbox 134 563 1136 1226">
     <span class='ocr_line' id='line_1_2' title="bbox 135 563 1132 655; baseline -0.009 -18"><span class='ocrx_word' id='word_1_2' title='bbox 135 569 243 637; x_wconf 79' lang='lat' dir='ltr'><strong>attulit</strong></span> <span class='ocrx_word' id='word_1_3' title='bbox 271 569 464 655; x_wconf 72' lang='lat' dir='ltr'>antiquitas,</span> <span class='ocrx_word' id='word_1_4' title='bbox 497 566 715 653; x_wconf 78' lang='lat' dir='ltr'><strong>perpensione.</strong></span> <span class='ocrx_word' id='word_1_5' title='bbox 760 565 856 653; x_wconf 87' lang='lat' dir='ltr'><strong>Quod</strong></span> <span class='ocrx_word' id='word_1_6' title='bbox 877 578 988 631; x_wconf 87' lang='lat' dir='ltr'><strong>autem</strong></span> <span class='ocrx_word' id='word_1_7' title='bbox 1007 563 1132 629; x_wconf 89' lang='lat' dir='ltr'><strong>mirum</strong></span> 
     </span>
     <span class='ocr_line' id='line_1_3' title="bbox 134 715 1136 800; baseline -0.004 -20"><span class='ocrx_word' id='word_1_8' title='bbox 134 717 237 783; x_wconf 71' lang='lat' dir='ltr'><strong>sideri</strong></span> <span class='ocrx_word' id='word_1_9' title='bbox 256 717 354 800; x_wconf 88' lang='lat' dir='ltr'><strong>possit</strong></span> <span class='ocrx_word' id='word_1_10' title='bbox 378 716 612 796; x_wconf 72' lang='lat' dir='ltr'><strong>consideranti,</strong></span> <span class='ocrx_word' id='word_1_11' title='bbox 625 715 739 782; x_wconf 86' lang='lat' dir='ltr'><strong>satirae</strong></span> <span class='ocrx_word' id='word_1_12' title='bbox 758 715 984 782; x_wconf 87' lang='lat' dir='ltr'><strong>Romanorum</strong></span> <span class='ocrx_word' id='word_1_13' title='bbox 1001 735 1061 778; x_wconf 90' lang='lat' dir='ltr'><strong>nec</strong></span> <span class='ocrx_word' id='word_1_14' title='bbox 1072 734 1136 776; x_wconf 85' lang='lat' dir='ltr'><strong>na·</strong></span> 
     </span>
     <span class='ocr_line' id='line_1_4' title="bbox 136 860 1134 951; baseline -0.008 -19"><span class='ocrx_word' id='word_1_15' title='bbox 136 879 211 932; x_wconf 83' lang='lat' dir='ltr'><strong>tura</strong></span> <span class='ocrx_word' id='word_1_16' title='bbox 242 887 304 932; x_wconf 91' lang='lat' dir='ltr'><strong>nec</strong></span> <span class='ocrx_word' id='word_1_17' title='bbox 329 867 412 931; x_wconf 89' lang='lat' dir='ltr'><strong>ratio</strong></span> <span class='ocrx_word' id='word_1_18' title='bbox 440 866 577 932; x_wconf 87' lang='lat' dir='ltr'><strong>obscura</strong></span> <span class='ocrx_word' id='word_1_19' title='bbox 607 879 665 930; x_wconf 91' lang='lat' dir='ltr'><strong>aut</strong></span> <span class='ocrx_word' id='word_1_20' title='bbox 692 864 802 951; x_wconf 89' lang='lat' dir='ltr'><strong>ignota</strong></span> <span class='ocrx_word' id='word_1_21' title='bbox 833 876 890 929; x_wconf 91' lang='lat' dir='ltr'><strong>est.</strong></span> <span class='ocrx_word' id='word_1_22' title='bbox 944 860 1134 946; x_wconf 85' lang='lat' dir='ltr'><strong>Principum</strong></span> 
     </span>
     <span class='ocr_line' id='line_1_5' title="bbox 136 1008 1134 1100; baseline -0.004 -23"><span class='ocrx_word' id='word_1_23' title='bbox 136 1012 244 1090; x_wconf 87' lang='lat' dir='ltr'><strong>enim,</strong></span> <span class='ocrx_word' id='word_1_24' title='bbox 276 1015 332 1099; x_wconf 90' lang='lat' dir='ltr'><strong>qui</strong></span> <span class='ocrx_word' id='word_1_25' title='bbox 357 1014 391 1078; x_wconf 94' lang='lat' dir='ltr'><strong>in</strong></span> <span class='ocrx_word' id='word_1_26' title='bbox 422 1034 460 1078; x_wconf 94' lang='lat' dir='ltr'><strong>eo</strong></span> <span class='ocrx_word' id='word_1_27' title='bbox 483 1019 611 1097; x_wconf 80' lang='lat' dir='ltr'><strong>poeseos</strong></span> <span class='ocrx_word' id='word_1_28' title='bbox 627 1034 744 1100; x_wconf 79' lang='lat' dir='ltr'><strong>genere</strong></span> <span class='ocrx_word' id='word_1_29' title='bbox 766 1010 994 1086; x_wconf 82' lang='lat' dir='ltr'><strong>elaborarunt,</strong></span> <span class='ocrx_word' id='word_1_30' title='bbox 1014 1008 1134 1094; x_wconf 88' lang='lat' dir='ltr'><strong>scripta</strong></span> 
     </span>
     <span class='ocr_line' id='line_1_6' title="bbox 137 1157 1134 1226; baseline -0.004 0"><span class='ocrx_word' id='word_1_31' title='bbox 137 1173 262 1226; x_wconf 81' lang='lat' dir='ltr'><strong>servata</strong></span> <span class='ocrx_word' id='word_1_32' title='bbox 287 1161 391 1226; x_wconf 57' lang='lat' dir='ltr'><strong>‘nobis</strong></span> <span class='ocrx_word' id='word_1_33' title='bbox 424 1175 500 1226; x_wconf 90' lang='lat' dir='ltr'><strong>sunt</strong></span> <span class='ocrx_word' id='word_1_34' title='bbox 528 1175 560 1226; x_wconf 92' lang='lat' dir='ltr'><strong>et</strong></span> <span class='ocrx_word' id='word_1_35' title='bbox 606 1159 755 1225; x_wconf 91' lang='lat' dir='ltr'><strong>omnium</strong></span> <span class='ocrx_word' id='word_1_36' title='bbox 789 1168 941 1223; x_wconf 89' lang='lat' dir='ltr'><strong>teruntur</strong></span> <span class='ocrx_word' id='word_1_37' title='bbox 971 1157 1134 1222; x_wconf 88' lang='lat' dir='ltr'><strong>manibus.</strong></span> 
     </span>
    </p>
   </div>
   <div class='ocr_carea' id='block_1_3' title="bbox 137 1307 1134 1396">
    <p class='ocr_par' dir='ltr' id='par_1_3' title="bbox 137 1307 1134 1396">
     <span class='ocr_line' id='line_1_7' title="bbox 137 1307 1134 1396; baseline -0.006 -20"><span class='ocrx_word' id='word_1_38' title='bbox 137 1309 234 1396; x_wconf 85' lang='lat' dir='ltr'><strong>Viget</strong></span> <span class='ocrx_word' id='word_1_39' title='bbox 263 1312 413 1374; x_wconf 89' lang='lat' dir='ltr'><strong>omnium</strong></span> <span class='ocrx_word' id='word_1_40' title='bbox 437 1309 572 1386; x_wconf 89' lang='lat' dir='ltr'><strong>animis,</strong></span> <span class='ocrx_word' id='word_1_41' title='bbox 590 1311 646 1395; x_wconf 94' lang='lat' dir='ltr'><strong>qui</strong></span> <span class='ocrx_word' id='word_1_42' title='bbox 666 1311 728 1374; x_wconf 91' lang='lat' dir='ltr'><strong>hoc</strong></span> <span class='ocrx_word' id='word_1_43' title='bbox 745 1329 812 1372; x_wconf 88' lang='lat' dir='ltr'><strong>nen</strong></span> <span class='ocrx_word' id='word_1_44' title='bbox 826 1307 932 1372; x_wconf 89' lang='lat' dir='ltr'><strong>minus</strong></span> <span class='ocrx_word' id='word_1_45' title='bbox 957 1329 1056 1392; x_wconf 90' lang='lat' dir='ltr'><strong>quam</strong></span> <span class='ocrx_word' id='word_1_46' title='bbox 1080 1310 1134 1393; x_wconf 76' lang='lat' dir='ltr'><strong>ly·</strong></span> 
     </span>
    </p>
   </div>
   <div class='ocr_carea' id='block_1_4' title="bbox 54 1447 1138 1545">
    <p class='ocr_par' dir='ltr' id='par_1_4' title="bbox 54 1447 1138 1545">
     <span class='ocr_line' id='line_1_8' title="bbox 54 1447 1138 1545; baseline -0.005 -22"><span class='ocrx_word' id='word_1_47' title='bbox 54 1447 57 1452; x_wconf 36' lang='lat'>¹</span> <span class='ocrx_word' id='word_1_48' title='bbox 139 1458 207 1522; x_wconf 88' lang='lat' dir='ltr'><strong>rico</strong></span> <span class='ocrx_word' id='word_1_49' title='bbox 230 1480 345 1545; x_wconf 90' lang='lat' dir='ltr'><strong>genere</strong></span> <span class='ocrx_word' id='word_1_50' title='bbox 368 1458 452 1522; x_wconf 90' lang='lat' dir='ltr'><strong>inter</strong></span> <span class='ocrx_word' id='word_1_51' title='bbox 473 1461 618 1542; x_wconf 77' lang='lat' dir='ltr'><strong>aequales</strong></span> <span class='ocrx_word' id='word_1_52' title='bbox 635 1479 706 1522; x_wconf 90' lang='lat' dir='ltr'><strong>suos</strong></span> <span class='ocrx_word' id='word_1_53' title='bbox 723 1456 895 1532; x_wconf 87' lang='lat' dir='ltr'><strong>inclaruit,</strong></span> <span class='ocrx_word' id='word_1_54' title='bbox 921 1453 1138 1526; x_wconf 82' lang='lat' dir='ltr'><strong>Horatius.</strong></span> 
     </span>
    </p>
   </div>
   <div class='ocr_carea' id='block_1_5' title="bbox 138 1603 1148 4056">
    <p class='ocr_par' dir='ltr' id='par_1_5' title="bbox 138 1603 1148 4056">
     <span class='ocr_line' id='line_1_9' title="bbox 138 1603 1137 1692; baseline -0.004 -22"><span class='ocrx_word' id='word_1_55' title='bbox 138 1606 342 1692; x_wconf 77' lang='lat' dir='ltr'><strong>obtinuitque</strong></span> <span class='ocrx_word' id='word_1_56' title='bbox 358 1605 444 1671; x_wconf 91' lang='lat' dir='ltr'><strong>idem</strong></span> <span class='ocrx_word' id='word_1_57' title='bbox 464 1606 702 1689; x_wconf 87' lang='lat' dir='ltr'><strong>principatum,</strong></span> <span class='ocrx_word' id='word_1_58' title='bbox 723 1617 760 1669; x_wconf 92' lang='lat' dir='ltr'><strong>ut</strong></span> <span class='ocrx_word' id='word_1_59' title='bbox 779 1604 834 1681; x_wconf 88' lang='lat' dir='ltr'><strong>iis,</strong></span> <span class='ocrx_word' id='word_1_60' title='bbox 852 1603 908 1688; x_wconf 92' lang='lat' dir='ltr'><strong>qui</strong></span> <span class='ocrx_word' id='word_1_61' title='bbox 925 1604 1025 1669; x_wconf 92' lang='lat' dir='ltr'><strong>secuti</strong></span> <span class='ocrx_word' id='word_1_62' title='bbox 1045 1615 1137 1679; x_wconf 89' lang='lat' dir='ltr'><strong>sunt,</strong></span> 
     </span>
     <span class='ocr_line' id='line_1_10' title="bbox 139 1752 1140 1843; baseline -0.005 -22"><span class='ocrx_word' id='word_1_63' title='bbox 139 1757 286 1843; x_wconf 82' lang='lat' dir='ltr'><strong>quamvis</strong></span> <span class='ocrx_word' id='word_1_64' title='bbox 313 1757 409 1841; x_wconf 90' lang='lat' dir='ltr'><strong>ipsius</strong></span> <span class='ocrx_word' id='word_1_65' title='bbox 434 1769 539 1822; x_wconf 88' lang='lat' dir='ltr'><strong>artem</strong></span> <span class='ocrx_word' id='word_1_66' title='bbox 563 1769 595 1820; x_wconf 91' lang='lat' dir='ltr'><strong>et</strong></span> <span class='ocrx_word' id='word_1_67' title='bbox 613 1755 718 1821; x_wconf 85' lang='lat' dir='ltr'><strong>studia</strong></span> <span class='ocrx_word' id='word_1_68' title='bbox 734 1752 919 1829; x_wconf 86' lang='lat' dir='ltr'><strong>aemulatis,</strong></span> <span class='ocrx_word' id='word_1_69' title='bbox 939 1766 1050 1817; x_wconf 88' lang='lat' dir='ltr'><strong>tamen</strong></span> <span class='ocrx_word' id='word_1_70' title='bbox 1069 1755 1140 1835; x_wconf 90' lang='lat' dir='ltr'><strong>pal·</strong></span> 
     </span>
     <span class='ocr_line' id='line_1_11' title="bbox 139 1899 1140 1990; baseline -0.003 -23"><span class='ocrx_word' id='word_1_71' title='bbox 139 1925 230 1968; x_wconf 89' lang='lat' dir='ltr'><strong>mam</strong></span> <span class='ocrx_word' id='word_1_72' title='bbox 257 1925 324 1969; x_wconf 91' lang='lat' dir='ltr'><strong>non</strong></span> <span class='ocrx_word' id='word_1_73' title='bbox 340 1904 466 1970; x_wconf 87' lang='lat' dir='ltr'><strong>cesserit</strong></span> <span class='ocrx_word' id='word_1_74' title='bbox 479 1926 490 1984; x_wconf 85' lang='lat'><strong>;¹</strong></span> <span class='ocrx_word' id='word_1_75' title='bbox 504 1904 584 1990; x_wconf 89' lang='lat' dir='ltr'><strong>quin</strong></span> <span class='ocrx_word' id='word_1_76' title='bbox 602 1903 637 1967; x_wconf 94' lang='lat' dir='ltr'><strong>hi</strong></span> <span class='ocrx_word' id='word_1_77' title='bbox 658 1902 741 1987; x_wconf 89' lang='lat' dir='ltr'><strong>ipsi,</strong></span> <span class='ocrx_word' id='word_1_78' title='bbox 763 1900 819 1986; x_wconf 93' lang='lat' dir='ltr'><strong>qui</strong></span> <span class='ocrx_word' id='word_1_79' title='bbox 847 1899 971 1964; x_wconf 86' lang='lat' dir='ltr'><strong>Horatii</strong></span> <span class='ocrx_word' id='word_1_80' title='bbox 991 1900 1140 1964; x_wconf 85' lang='lat' dir='ltr'><strong>laudibus</strong></span> 
     </span>
     <span class='ocr_line' id='line_1_12' title="bbox 140 2050 1140 2139; baseline -0.003 -24"><span class='ocrx_word' id='word_1_81' title='bbox 140 2073 262 2139; x_wconf 90' lang='lat' dir='ltr'><strong>magno</strong></span> <span class='ocrx_word' id='word_1_82' title='bbox 282 2064 314 2116; x_wconf 88' lang='lat' dir='ltr'><strong>et</strong></span> <span class='ocrx_word' id='word_1_83' title='bbox 336 2052 491 2135; x_wconf 90' lang='lat' dir='ltr'><strong>temporis</strong></span> <span class='ocrx_word' id='word_1_84' title='bbox 521 2065 554 2116; x_wconf 92' lang='lat' dir='ltr'><strong>et</strong></span> <span class='ocrx_word' id='word_1_85' title='bbox 574 2055 679 2116; x_wconf 86' lang='lat' dir='ltr'><strong>famae</strong></span> <span class='ocrx_word' id='word_1_86' title='bbox 706 2050 875 2115; x_wconf 79' lang='lat' dir='ltr'><strong>intervallo</strong></span> <span class='ocrx_word' id='word_1_87' title='bbox 898 2061 1140 2125; x_wconf 89' lang='lat' dir='ltr'><strong>successerunt,</strong></span> 
     </span>
     <span class='ocr_line' id='line_1_13' title="bbox 140 2197 1142 2274; baseline -0.003 -12"><span class='ocrx_word' id='word_1_88' title='bbox 140 2197 160 2262; x_wconf 87' lang='lat' dir='ltr'>J</span> <span class='ocrx_word' id='word_1_89' title='bbox 166 2198 350 2264; x_wconf 82' lang='lat' dir='ltr'><strong>uvenulis</strong></span> <span class='ocrx_word' id='word_1_90' title='bbox 379 2211 412 2264; x_wconf 91' lang='lat' dir='ltr'><strong>et</strong></span> <span class='ocrx_word' id='word_1_91' title='bbox 429 2197 601 2274; x_wconf 88' lang='lat' dir='ltr'><strong>Persius,</strong></span> <span class='ocrx_word' id='word_1_92' title='bbox 619 2211 652 2262; x_wconf 92' lang='lat' dir='ltr'><strong>et</strong></span> <span class='ocrx_word' id='word_1_93' title='bbox 668 2198 839 2261; x_wconf 89' lang='lat' dir='ltr'><strong>doctorum</strong></span> <span class='ocrx_word' id='word_1_94' title='bbox 856 2209 1002 2260; x_wconf 90' lang='lat' dir='ltr'><strong>mentem</strong></span> <span class='ocrx_word' id='word_1_95' title='bbox 1028 2208 1142 2260; x_wconf 88' lang='lat' dir='ltr'><strong>tenent</strong></span> 
     </span>
     <span class='ocr_line' id='line_1_14' title="bbox 140 2342 1138 2432; baseline -0.004 -20"><span class='ocrx_word' id='word_1_96' title='bbox 140 2369 200 2412; x_wconf 91' lang='lat' dir='ltr'><strong>nec</strong></span> <span class='ocrx_word' id='word_1_97' title='bbox 220 2347 410 2412; x_wconf 86' lang='lat' dir='ltr'><strong>discentium</strong></span> <span class='ocrx_word' id='word_1_98' title='bbox 428 2367 544 2410; x_wconf 91' lang='lat' dir='ltr'><strong>manus</strong></span> <span class='ocrx_word' id='word_1_99' title='bbox 566 2345 736 2432; x_wconf 85' lang='lat' dir='ltr'><strong>effugiunt.</strong></span> <span class='ocrx_word' id='word_1_100' title='bbox 765 2343 857 2408; x_wconf 87' lang='lat' dir='ltr'><strong>Ferri</strong></span> <span class='ocrx_word' id='word_1_101' title='bbox 875 2342 973 2430; x_wconf 90' lang='lat' dir='ltr'><strong>igitur</strong></span> <span class='ocrx_word' id='word_1_102' title='bbox 991 2345 1030 2408; x_wconf 90' lang='lat' dir='ltr'><strong>de</strong></span> <span class='ocrx_word' id='word_1_103' title='bbox 1041 2343 1138 2408; x_wconf 89' lang='lat' dir='ltr'><strong>satira</strong></span> 
     </span>
     <span class='ocr_line' id='line_1_15' title="bbox 139 2492 1143 2576; baseline -0.006 -14"><span class='ocrx_word' id='word_1_104' title='bbox 139 2495 310 2573; x_wconf 86' lang='lat' dir='ltr'><strong>Romana,</strong></span> <span class='ocrx_word' id='word_1_105' title='bbox 338 2495 379 2560; x_wconf 84' lang='lat' dir='ltr'><strong>ab</strong></span> <span class='ocrx_word' id='word_1_106' title='bbox 398 2497 459 2560; x_wconf 93' lang='lat' dir='ltr'><strong>hoc</strong></span> <span class='ocrx_word' id='word_1_107' title='bbox 479 2493 690 2559; x_wconf 88' lang='lat' dir='ltr'><strong>triumviratu</strong></span> <span class='ocrx_word' id='word_1_108' title='bbox 713 2494 819 2570; x_wconf 84' lang='lat' dir='ltr'><strong>culta,</strong></span> <span class='ocrx_word' id='word_1_109' title='bbox 840 2492 1002 2576; x_wconf 87' lang='lat' dir='ltr'><strong>judicium</strong></span> <span class='ocrx_word' id='word_1_110' title='bbox 1026 2503 1143 2575; x_wconf 87' lang='lat' dir='ltr'><strong>potest.</strong></span> 
     </span>
     <span class='ocr_line' id='line_1_16' title="bbox 140 2640 1146 2728; baseline -0.01 -18"><span class='ocrx_word' id='word_1_111' title='bbox 140 2642 185 2710; x_wconf 84' lang='lat' dir='ltr'><strong>At</strong></span> <span class='ocrx_word' id='word_1_112' title='bbox 205 2664 281 2709; x_wconf 85' lang='lat' dir='ltr'><strong>vero</strong></span> <span class='ocrx_word' id='word_1_113' title='bbox 290 2643 360 2728; x_wconf 87' lang='lat' dir='ltr'><strong>jam</strong></span> <span class='ocrx_word' id='word_1_114' title='bbox 376 2642 525 2728; x_wconf 73' lang='lat' dir='ltr'><strong>attigerat</strong></span> <span class='ocrx_word' id='word_1_115' title='bbox 537 2641 592 2706; x_wconf 90' lang='lat' dir='ltr'><strong>illa</strong></span> <span class='ocrx_word' id='word_1_116' title='bbox 602 2640 825 2706; x_wconf 88' lang='lat' dir='ltr'><strong>maturitatem</strong></span> <span class='ocrx_word' id='word_1_117' title='bbox 837 2661 951 2716; x_wconf 90' lang='lat' dir='ltr'><strong>suam,</strong></span> <span class='ocrx_word' id='word_1_118' title='bbox 975 2659 1040 2722; x_wconf 92' lang='lat' dir='ltr'><strong>quo</strong></span> <span class='ocrx_word' id='word_1_119' title='bbox 1054 2651 1146 2701; x_wconf 87' lang='lat' dir='ltr'><strong>tem-</strong></span> 
     </span>
     <span class='ocr_line' id='line_1_17' title="bbox 139 2785 1140 2876; baseline -0.005 -21"><span class='ocrx_word' id='word_1_120' title='bbox 139 2812 219 2876; x_wconf 92' lang='lat' dir='ltr'><strong>pore</strong></span> <span class='ocrx_word' id='word_1_121' title='bbox 246 2793 356 2856; x_wconf 87' lang='lat' dir='ltr'><strong>satiras</strong></span> <span class='ocrx_word' id='word_1_122' title='bbox 386 2814 457 2856; x_wconf 81' lang='lat' dir='ltr'><strong>suas</strong></span> <span class='ocrx_word' id='word_1_123' title='bbox 479 2791 621 2856; x_wconf 85' lang='lat' dir='ltr'><strong>ediderat</strong></span> <span class='ocrx_word' id='word_1_124' title='bbox 648 2788 817 2868; x_wconf 83' lang='lat' dir='ltr'><strong>Horatius3</strong></span> <span class='ocrx_word' id='word_1_125' title='bbox 846 2785 950 2852; x_wconf 90' lang='lat' dir='ltr'><strong>omnis</strong></span> <span class='ocrx_word' id='word_1_126' title='bbox 972 2799 1081 2850; x_wconf 77' lang='lat' dir='ltr'><strong>‘autern</strong></span> <span class='ocrx_word' id='word_1_127' title='bbox 1100 2788 1140 2850; x_wconf 90' lang='lat' dir='ltr'><strong>de</strong></span> 
     </span>
     <span class='ocr_line' id='line_1_18' title="bbox 140 2931 1144 3024; baseline -0.006 -23"><span class='ocrx_word' id='word_1_128' title='bbox 140 2939 208 3023; x_wconf 88' lang='lat' dir='ltr'><strong>ejus</strong></span> <span class='ocrx_word' id='word_1_129' title='bbox 228 2936 370 3024; x_wconf 89' lang='lat' dir='ltr'><strong>origine,</strong></span> <span class='ocrx_word' id='word_1_130' title='bbox 395 2937 510 3011; x_wconf 85' lang='lat' dir='ltr'><strong>initiis,</strong></span> <span class='ocrx_word' id='word_1_131' title='bbox 527 2937 700 3022; x_wconf 88' lang='lat' dir='ltr'><strong>primoque</strong></span> <span class='ocrx_word' id='word_1_132' title='bbox 711 2938 752 3000; x_wconf 87' lang='lat' dir='ltr'><strong>ud</strong></span> <span class='ocrx_word' id='word_1_133' title='bbox 763 2933 966 3020; x_wconf 87' lang='lat' dir='ltr'><strong>perfectionis</strong></span> <span class='ocrx_word' id='word_1_134' title='bbox 979 2931 1144 3018; x_wconf 83' lang='lat' dir='ltr'><strong>fastigium</strong></span> 
     </span>
     <span class='ocr_line' id='line_1_19' title="bbox 141 3081 1144 3168; baseline -0.006 -20"><span class='ocrx_word' id='word_1_135' title='bbox 141 3083 213 3148; x_wconf 91' lang='lat' dir='ltr'><strong>nisu</strong></span> <span class='ocrx_word' id='word_1_136' title='bbox 227 3095 324 3167; x_wconf 89' lang='lat' dir='ltr'><strong>atque</strong></span> <span class='ocrx_word' id='word_1_137' title='bbox 349 3084 437 3148; x_wconf 91' lang='lat' dir='ltr'><strong>aditu</strong></span> <span class='ocrx_word' id='word_1_138' title='bbox 461 3081 638 3168; x_wconf 84' lang='lat' dir='ltr'><strong>disquisitio</strong></span> <span class='ocrx_word' id='word_1_139' title='bbox 660 3082 809 3164; x_wconf 89' lang='lat' dir='ltr'><strong>priorum</strong></span> <span class='ocrx_word' id='word_1_140' title='bbox 828 3085 1001 3164; x_wconf 73' lang='lat' dir='ltr'><strong>poetarum</strong></span> <span class='ocrx_word' id='word_1_141' title='bbox 1013 3100 1144 3143; x_wconf 92' lang='lat' dir='ltr'><strong>memo-</strong></span> 
     </span>
     <span class='ocr_line' id='line_1_20' title="bbox 141 3227 1145 3315; baseline -0.009 -15"><span class='ocrx_word' id='word_1_142' title='bbox 141 3232 192 3300; x_wconf 75' lang='lat' dir='ltr'><strong>ria</strong></span> <span class='ocrx_word' id='word_1_143' title='bbox 225 3231 426 3307; x_wconf 83' lang='lat' dir='ltr'><strong>continetur,&#39;</strong></span> <span class='ocrx_word' id='word_1_144' title='bbox 463 3251 564 3314; x_wconf 88' lang='lat' dir='ltr'><strong>quae,</strong></span> <span class='ocrx_word' id='word_1_145' title='bbox 588 3242 746 3315; x_wconf 87' lang='lat' dir='ltr'><strong>quatenus</strong></span> <span class='ocrx_word' id='word_1_146' title='bbox 776 3250 875 3313; x_wconf 87' lang='lat' dir='ltr'><strong>opera</strong></span> <span class='ocrx_word' id='word_1_147' title='bbox 903 3227 1009 3292; x_wconf 91' lang='lat' dir='ltr'><strong>hacin</strong></span> <span class='ocrx_word' id='word_1_148' title='bbox 1027 3250 1062 3292; x_wconf 84' lang='lat' dir='ltr'><strong>re</strong></span> <span class='ocrx_word' id='word_1_149' title='bbox 1081 3248 1145 3311; x_wconf 89' lang='lat' dir='ltr'><strong>po-</strong></span> 
     </span>
     <span class='ocr_line' id='line_1_21' title="bbox 143 3377 1145 3463; baseline -0.006 -19"><span class='ocrx_word' id='word_1_150' title='bbox 143 3380 204 3444; x_wconf 84' lang='lat' dir='ltr'><strong>sita</strong></span> <span class='ocrx_word' id='word_1_151' title='bbox 221 3391 406 3463; x_wconf 88' lang='lat' dir='ltr'><strong>spectatur,</strong></span> <span class='ocrx_word' id='word_1_152' title='bbox 431 3377 572 3443; x_wconf 86' lang='lat' dir='ltr'><strong>obscuris</strong></span> <span class='ocrx_word' id='word_1_153' title='bbox 596 3378 742 3444; x_wconf 85' lang='lat' dir='ltr'><strong>involuta</strong></span> <span class='ocrx_word' id='word_1_154' title='bbox 757 3377 944 3442; x_wconf 88' lang='lat' dir='ltr'><strong>testimoniis</strong></span> <span class='ocrx_word' id='word_1_155' title='bbox 964 3377 1019 3442; x_wconf 82' lang='lat' dir='ltr'><strong>uix</strong></span> <span class='ocrx_word' id='word_1_156' title='bbox 1042 3377 1145 3440; x_wconf 90' lang='lat' dir='ltr'><strong>stabi-</strong></span> 
     </span>
     <span class='ocr_line' id='line_1_22' title="bbox 146 3525 1144 3591; baseline -0.002 -1"><span class='ocrx_word' id='word_1_157' title='bbox 146 3528 212 3590; x_wconf 90' lang='lat' dir='ltr'><strong>lem</strong></span> <span class='ocrx_word' id='word_1_158' title='bbox 235 3525 425 3590; x_wconf 89' lang='lat' dir='ltr'><strong>sententiam</strong></span> <span class='ocrx_word' id='word_1_159' title='bbox 439 3525 592 3591; x_wconf 89' lang='lat' dir='ltr'><strong>admittit.</strong></span> <span class='ocrx_word' id='word_1_160' title='bbox 614 3525 741 3590; x_wconf 90' lang='lat' dir='ltr'><strong>Primus</strong></span> <span class='ocrx_word' id='word_1_161' title='bbox 764 3525 917 3590; x_wconf 89' lang='lat' dir='ltr'><strong>Ennius</strong></span> <span class='ocrx_word' id='word_1_162' title='bbox 940 3527 1096 3590; x_wconf 91' lang='lat' dir='ltr'><strong>nonnulla</strong></span> <span class='ocrx_word' id='word_1_163' title='bbox 1109 3525 1144 3588; x_wconf 92' lang='lat' dir='ltr'><strong>in</strong></span> 
     </span>
     <span class='ocr_line' id='line_1_23' title="bbox 146 3671 1145 3759; baseline -0.001 -23"><span class='ocrx_word' id='word_1_164' title='bbox 146 3675 208 3737; x_wconf 93' lang='lat' dir='ltr'><strong>hoc</strong></span> <span class='ocrx_word' id='word_1_165' title='bbox 241 3695 356 3759; x_wconf 78' lang='lat' dir='ltr'><strong>genere</strong></span> <span class='ocrx_word' id='word_1_166' title='bbox 380 3673 540 3749; x_wconf 70' lang='lat' dir='ltr'><strong>condius,</strong></span> <span class='ocrx_word' id='word_1_167' title='bbox 563 3671 754 3738; x_wconf 81' lang='lat' dir='ltr'><strong>Pacuvius</strong></span> <span class='ocrx_word' id='word_1_168' title='bbox 782 3671 881 3737; x_wconf 90' lang='lat' dir='ltr'><strong>etiam</strong></span> <span class='ocrx_word' id='word_1_169' title='bbox 908 3671 1017 3736; x_wconf 88' lang='lat' dir='ltr'><strong>satiras</strong></span> <span class='ocrx_word' id='word_1_170' title='bbox 1041 3675 1145 3736; x_wconf 80' lang='lat' dir='ltr'><strong>fertur</strong></span> 
     </span>
     <span class='ocr_line' id='line_1_24' title="bbox 145 3819 1147 3904; baseline -0.001 -20"><span class='ocrx_word' id='word_1_171' title='bbox 145 3820 316 3904; x_wconf 78' lang='lat' dir='ltr'><strong>scripsisset</strong></span> <span class='ocrx_word' id='word_1_172' title='bbox 329 3820 525 3904; x_wconf 88' lang='lat' dir='ltr'><strong>scripserunt</strong></span> <span class='ocrx_word' id='word_1_173' title='bbox 537 3821 651 3886; x_wconf 92' lang='lat' dir='ltr'><strong>deinde</strong></span> <span class='ocrx_word' id='word_1_174' title='bbox 662 3819 839 3886; x_wconf 89' lang='lat' dir='ltr'><strong>Lucilius</strong></span> <span class='ocrx_word' id='word_1_175' title='bbox 855 3834 887 3887; x_wconf 90' lang='lat' dir='ltr'><strong>et</strong></span> <span class='ocrx_word' id='word_1_176' title='bbox 904 3819 1036 3896; x_wconf 88' lang='lat' dir='ltr'><strong>Varr0‚</strong></span> <span class='ocrx_word' id='word_1_177' title='bbox 1050 3831 1147 3903; x_wconf 88' lang='lat' dir='ltr'><strong>atque</strong></span> 
     </span>
     <span class='ocr_line' id='line_1_25' title="bbox 148 3968 1148 4056; baseline -0.001 -24"><span class='ocrx_word' id='word_1_178' title='bbox 148 3969 201 4033; x_wconf 90' lang='lat' dir='ltr'><strong>hic</strong></span> <span class='ocrx_word' id='word_1_179' title='bbox 227 3970 359 4054; x_wconf 91' lang='lat' dir='ltr'><strong>quidem</strong></span> <span class='ocrx_word' id='word_1_180' title='bbox 375 3968 573 4056; x_wconf 81' lang='lat' dir='ltr'><strong>singularem</strong></span> <span class='ocrx_word' id='word_1_181' title='bbox 596 3968 695 4034; x_wconf 91' lang='lat' dir='ltr'><strong>edidit</strong></span> <span class='ocrx_word' id='word_1_182' title='bbox 713 3969 882 4044; x_wconf 90' lang='lat' dir='ltr'><strong>libellum,</strong></span> <span class='ocrx_word' id='word_1_183' title='bbox 907 3989 974 4054; x_wconf 92' lang='lat' dir='ltr'><strong>quo</strong></span> <span class='ocrx_word' id='word_1_184' title='bbox 998 3970 1038 4031; x_wconf 88' lang='lat' dir='ltr'><strong>de</strong></span> <span class='ocrx_word' id='word_1_185' title='bbox 1057 3989 1148 4031; x_wconf 85' lang='lat' dir='ltr'><strong>com-</strong></span> 
     </span>
    </p>
   </div>
   <div class='ocr_carea' id='block_1_6' title="bbox 145 4115 1150 4206">
    <p class='ocr_par' dir='ltr' id='par_1_6' title="bbox 145 4115 1150 4206">
     <span class='ocr_line' id='line_1_26' title="bbox 145 4115 1150 4206; baseline -0.003 -24"><span class='ocrx_word' id='word_1_186' title='bbox 145 4119 319 4206; x_wconf 83' lang='lat' dir='ltr'><strong>positione</strong></span> <span class='ocrx_word' id='word_1_187' title='bbox 341 4118 540 4182; x_wconf 78' lang='lat' dir='ltr'><strong>rutirurum</strong></span> <span class='ocrx_word' id='word_1_188' title='bbox 576 4116 743 4204; x_wconf 89' lang='lat' dir='ltr'><strong>agebatur.</strong></span> <span class='ocrx_word' id='word_1_189' title='bbox 789 4115 917 4182; x_wconf 88' lang='lat' dir='ltr'><strong>Horum</strong></span> <span class='ocrx_word' id='word_1_190' title='bbox 947 4115 973 4180; x_wconf 91' lang='lat' dir='ltr'><strong>si</strong></span> <span class='ocrx_word' id='word_1_191' title='bbox 1000 4118 1150 4200; x_wconf 87' lang='lat' dir='ltr'><strong>superes-</strong></span> 
     </span>
    </p>
   </div>
   <div class='ocr_carea' id='block_1_7' title="bbox 0 0 1307 4756">
    <p class='ocr_par' dir='ltr' id='par_1_7' title="bbox 0 0 1307 4756">
     <span class='ocr_line' id='line_1_27' title="bbox 0 0 1307 4756; baseline 0 0"><span class='ocrx_word' id='word_1_192' title='bbox 0 0 1307 4756; x_wconf 95' lang='lat' dir='ltr'><strong> </strong></span> 
     </span>
    </p>
   </div>
  </div>
 </body>
</html>
