2580 4756
631 407 650 465 5

135 622 209 674 sent
241 608 367 673 satirica
398 614 570 692 poemata,
604 610 630 674 si
661 607 813 676 Varronis
848 611 974 676 libellus
998 624 1139 676 aetatem

136 758 282 834 tulisset,
303 757 356 822 vix
376 757 514 822 dubium
541 770 606 836 est,
630 760 711 844 quin
732 781 808 823 cum
831 762 871 826 de
891 760 1039 825 universo
1061 760 1137 825 sati·

135 927 192 970 rae
217 927 354 992 genere,
390 919 463 972 tum
495 907 536 971 de
556 906 770 994 singularibus
787 909 853 992 ejus
876 907 1039 992 speciebus
1062 929 1138 972 rec·

136 1053 201 1118 tius
228 1053 505 1132 existimaremus,
536 1066 569 1119 et
591 1055 680 1140 quasi
701 1054 844 1119 oblatam
877 1055 976 1146 oeulis
994 1054 1136 1140 judiciis·

136 1221 204 1285 que
230 1200 409 1286 subjectam
438 1202 552 1266 satirae
584 1202 810 1267 Romanorum
835 1202 1001 1267 historiam
1038 1202 1136 1266 habe-

134 1369 258 1414 remus.
303 1348 348 1414 At
375 1351 470 1435 longe
493 1371 581 1414 secus
601 1349 718 1415 everrit.
763 1349 812 1414 Ex
838 1351 911 1432 ipsis
932 1351 1019 1414 enim
1051 1349 1155 1433 pris-,

135 1517 252 1561 corum
270 1497 404 1561 illorum
421 1496 625 1562 satiricorum
642 1497 791 1582 operibus
808 1498 933 1590 nonnisi
955 1501 1137 1584 fragmenta

135 1644 431 1731 grammaticorum
446 1643 557 1709 studiis
586 1658 710 1710 serrata
729 1658 823 1722 sunt,
847 1666 948 1730 eaque
959 1644 1004 1708 ita
1015 1646 1138 1721 lacera,

136 1790 277 1875 dispersa
299 1804 333 1856 et
353 1813 437 1856 nexu
459 1792 573 1857 orbata
589 1806 626 1857 ut
650 1795 753 1857 latum
775 1791 962 1877 conjiciendi
979 1805 1012 1856 et
1030 1812 1138 1858 avaro

135 1940 307 2005 aberrandi
331 1943 440 2004 locum
465 1939 664 2024 praebeant,
688 1939 766 2005 certi
788 1951 886 2023 atque
906 1940 1062 2024 explorati
1083 1940 1137 2006 vix

137 2088 318 2172 quidquam
335 2087 559 2171 polliceantur.
591 2085 666 2172 Quo
684 2087 784 2174 igitur
797 2087 900 2174 magis
910 2088 1040 2154 interest
1052 2090 1137 2152 hauc

135 2234 288 2298 miseram
311 2233 529 2298 conditionem
547 2235 745 2319 aliquatenus
768 2237 893 2313 levare,
905 2255 944 2300 eo
963 2236 1136 2319 patientius

135 2383 349 2464 exspectanda
368 2380 460 2445 uobis
479 2394 573 2458 sunt,
595 2404 679 2466 quae
697 2397 865 2465 parantur,
884 2383 1032 2448 codicum
1044 2382 1135 2447 auxi·

135 2529 199 2606 lia,
234 2543 289 2606 ut,
325 2529 477 2594 restitutis
498 2529 625 2594 sanitati
646 2531 859 2617 fragmentis,
895 2530 1018 2594 facilior
1039 2530 1080 2595 sit
1096 2532 1136 2595 de

135 2677 290 2744 universis
310 2678 460 2761 operibus
490 2691 523 2743 et
547 2677 728 2761 antiquiore
750 2676 863 2741 satirae
880 2676 1004 2740 ratione
1023 2676 1137 2760 dispu-

136 2829 226 2893 tandi
256 2828 317 2893 via.

180 2974 230 3041 Ac
270 2973 436 3040 Lucilium
476 2975 609 3061 quidem
646 2997 704 3050 ea,
738 2994 839 3059 quam
863 2975 1034 3048 fovemus,
1064 2994 1135 3056 spes

133 3124 283 3209 proxime
311 3123 452 3210 attingit.
496 3124 545 3188 De
567 3125 629 3188 hoc
662 3123 750 3187 enim
779 3120 905 3187 satirico
932 3127 1029 3205 poe'ta
1063 3144 1132 3187 cre-

133 3271 224 3337 brior
257 3284 304 3336 est
334 3273 421 3354 apud
450 3283 590 3347 veteres,
622 3270 811 3354 praesertim
842 3270 930 3354 apud
959 3267 1135 3332 Horatium

132 3439 251 3485 sermo.
297 3419 384 3483 Eum
407 3431 440 3483 et
461 3416 614 3483 Horatius
641 3429 767 3482 secutus
789 3430 858 3494 est,
882 3428 915 3481 et
936 3415 1035 3481 ceteri
1054 3415 1136 3481 sati-

132 3587 188 3632 rae
203 3565 373 3651 scriptores
383 3564 567 3648 plurimum
587 3574 813 3647 respexerunt:
837 3563 977 3626 eundem
989 3582 1055 3625 non
1066 3562 1135 3625 mi-

134 3736 195 3778 nus
230 3713 377 3778 laudibus
410 3713 610 3778 celebratum
639 3732 740 3796 quam
763 3708 855 3797 gravi
874 3707 1052 3773 obnoxium
1078 3729 1134 3773 re-

133 3861 337 3946 prehensioni
359 3859 578 3948 cognovimus.
624 3857 751 3943 Operae
773 3856 872 3944 igitur
900 3855 1044 3938 pretium
1063 3858 1133 3920 fac-

133 4009 201 4077 turi
227 4009 318 4075 uobis
347 4009 517 4085 ridemur,
534 4007 577 4072 'si
608 4009 648 4072 de
673 4005 828 4071 industria
855 4003 970 4068 Lucilii
995 4002 1132 4068 vitame

75 4216 78 4222 ,
134 4155 276 4223 fontium
289 4154 411 4222 indiciis
427 4167 628 4240 repetemus,
648 4173 708 4216 nec
727 4150 853 4217 silentio
878 4148 1019 4215 obscura
1034 4168 1137 4232 prae-v
