2580 4756
620 330 622 339 ’
688 318 751 379 122

203 498 237 562 ni
273 519 340 561 non
369 494 508 558 habendi
540 509 657 569 esseut,
694 509 805 561 tamen
838 496 1012 560 hominum
1033 498 1139 562 studia
1158 519 1215 561 ex-

208 615 359 699 primunt
390 612 591 696 minimeque
610 611 795 698 negligendi
820 625 907 678 sunt.
942 612 1061 698 ltaque
1080 612 1137 677 bic
1158 617 1215 679 ad-

202 732 343 798 scribere
364 754 415 795 eos
433 730 554 813 partim
571 731 674 814 juvat.
703 731 880 815 Postquam
894 733 934 795 de
947 729 1089 809 Catone,
1103 732 1214 797 Lucilii

207 853 391 922 defensore,
414 870 521 915 sermo
542 849 628 926 luit,
652 851 741 914 hunc
758 852 854 936 longe
874 849 1081 917 subtiliorem
1106 856 1215 936 appel·

202 973 248 1034 lat
270 982 384 1033 auctor
990 970 1058 1034 illo

249 1087 322 1173 Qui
346 1086 498 1150 multum
510 1108 600 1173 puer
619 1097 649 1149 el
673 1086 762 1151 loris
783 1098 815 1151 et
827 1084 982 1173 funibus
1004 1086 1088 1157 udis

248 1206 483 1280 Exhortotua
508 1217 548 1268 ut
568 1217 671 1282 erret,
698 1228 791 1291 opem
816 1209 879 1291 qui
890 1205 992 1294 forro
1015 1210 1129 1293 politis

249 1322 425 1411 Antequia
442 1335 554 1410 posset
575 1336 697 1388 contro
713 1322 875 1411 fastidio
897 1337 1037 1402 metro,

254 1442 578 1508 Grammaticorum
602 1446 757 1529 equitum
780 1441 1015 1508 doctissimus.
1033 1479 1078 1492 ·—

207 1563 375 1645 Apparet,
398 1561 465 1625 ludi
484 1560 644 1646 magistris
670 1561 704 1624 in
725 1560 840 1643 primis
863 1582 959 1626 curae
981 1559 1077 1625 fuisse
1099 1573 1137 1624 ut
1158 1583 1213 1624 ex-

204 1678 342 1747 citarent
374 1680 585 1764 antiquorum
610 1684 804 1763 poetarum,
829 1680 863 1742 in
883 1680 932 1744 bis
949 1679 1086 1756 Lucilii,
1111 1679 1212 1744 studia

206 1821 310 1884 eoque
339 1797 561 1864 vehementius
596 1797 631 1863 in
656 1797 819 1881 discipulis
851 1801 997 1875 alerent,
1022 1818 1091 1881 quo
1115 1797 1214 1884 magis

207 1920 424 1983 defervescere
441 1917 575 1980 illorum
598 1917 771 1983 admiratio
796 1918 883 1998 apud
900 1918 1073 1980 nonnullos
1098 1915 1214 1998 coepis-

207 2050 265 2102 set.
324 2035 451 2101 Verum
487 2036 599 2120 quaeri
635 2049 758 2118 potest,
796 2032 868 2119 quis
897 2035 950 2099 ille
986 2037 1150 2119 putandus
1179 2033 1217 2099 sit

208 2154 500 2241 grammaticorum
533 2154 685 2237 equitum
721 2153 944 2229 doctissimus,
973 2167 1006 2218 et
1039 2175 1107 2237 quo
1129 2173 1217 2218 sensu

208 2275 346 2341 dicatur.
392 2272 432 2335 In
447 2285 594 2338 mentem
611 2271 693 2334 mihi
711 2272 800 2336 venit
824 2269 1001 2354 suspicari,
1020 2271 1131 2355 ipsum
1153 2269 1216 2337 Hc·

207 2392 330 2458 ratium
351 2391 505 2478 intelligi,
540 2390 596 2475 qui
617 2388 774 2474 pueritiae
796 2390 982 2456 rudimenta
1004 2404 1074 2454 tam
1100 2389 1213 2455 acerba

209 2534 317 2598 passus
343 2524 431 2589 erat,
464 2522 502 2574 ut
527 2509 715 2601 plagosum
747 2506 916 2577 Orbilium
951 2521 1083 2573 matura
1119 2521 1217 2574 aetate

211 2630 354 2698 oblivisci
374 2651 441 2695 non
462 2643 588 2713 posset,
604 2631 659 2694 sed
677 2627 874 2692 nominatim
894 2641 1106 2695 memoraret.
1132 2628 1217 2693 Eun-

168 2806 175 2813 .
211 2753 288 2817 dem
311 2748 477 2815 Orbilium
497 2747 602 2813 feruld
620 2745 808 2832 sentietque
823 2745 1108 2812 cecidisseseverae
1129 2745 1221 2811 disci·

211 2871 319 2955 plinae
334 2871 482 2933 alumnos
500 2867 675 2950 accipimus
689 2865 726 2942 ¹,
749 2879 786 2930 ut
809 2865 901 2929 facile
927 2863 1075 2931 videatur
1087 2865 1219 2932 illuma-

213 2987 314 3073 gistro
338 3007 434 3062 usus,
458 2985 513 3069 qui
535 2984 611 3049 loris
633 2998 666 3048 et
688 2983 823 3048 funibus
846 2981 917 3049 udis
941 2983 1131 3049 verberatus
1148 2984 1222 3049 dici«

215 3118 283 3172 tur.
327 3103 446 3170 Narrat
462 3117 574 3168 autem
594 3102 837 3179 Horatius,sibi
860 3117 1109 3186 praeceptorem
1128 3125 1221 3169 suum

215 3220 300 3289 Livii
337 3221 514 3289 Andronici
544 3220 691 3286 carmina
718 3221 898 3300 dicaese23
934 3224 1022 3290 unde
1053 3224 1215 3311 colligitur

215 3340 607 3428 eumantiquissimorum
627 3345 801 3423 poetarum
821 3341 1076 3425 praelectionem
1093 3354 1219 3407 antero·

215 3463 286 3528 lisse
302 3461 358 3539 iis,
374 3482 458 3546 quae
478 3456 666 3525 recentioris
686 3459 796 3527 aetatis
807 3463 997 3545 formaeque
1010 3460 1225 3543 paulominus

214 3580 368 3647 horridae
389 3592 493 3644 essent
515 3577 654 3644 Videtur
667 3576 770 3665 igitur
782 3577 928 3644 Orbilius
940 3600 1032 3662 spem
1049 3578 1225 3662 concepisse

216 3721 254 3767 ac
264 3701 411 3785 sparsisse
421 3701 503 3774 fore,
516 3711 554 3763 ut
565 3697 728 3775 Horatius,
739 3711 869 3767 mature
878 3697 1072 3784 inlegendis
1085 3694 1229 3786 antiquis

135 4037 140 4055 ¹
253 4003 265 4038 ι
308 3988 411 4037 Suet.
429 3984 463 4036 da
480 3984 533 4036 Ill.
553 3987 600 4040 Gr.
619 4004 646 4053 9.

253 4103 270 4137 2
305 4086 377 4154 Epp.
397 4081 453 4150 ll,
472 4101 499 4148 r,
519 4103 565 4155 7⁰·
