2580 4756
621 373 688 437 292

138 552 325 617 nominibus
358 550 587 636 indicatisque,
617 573 659 616 ne
694 552 774 637 quid
804 567 982 637 superesset
1007 554 1145 634 erroris,

137 671 401 754 praenominibus
422 691 610 757 aggressum
636 692 699 736 esse
712 671 728 720 3
741 694 750 750 ;
775 673 864 756 quod
876 672 984 755 ipsum
996 686 1145 738 veterum

135 790 269 852 illorum
288 789 490 853 comicorum
512 787 715 854 Graecorum
738 792 843 854 audax
866 790 1037 856 consilium
1060 790 1148 856 insti·

134 918 312 991 tutumque
342 910 466 985 fuerat,
502 929 569 971 non
602 911 707 972 solum
735 913 848 974 eadem
878 910 1029 974 libertate
1047 932 1146 996 genus

137 1046 234 1089 omne
255 1026 512 1090 facinorosorum
533 1028 796 1103 traducentium,
821 1050 937 1093 rerum
958 1030 1059 1094 etiam
1077 1029 1146 1113 pari

135 1145 324 1230 sagacitate,
348 1165 414 1228 quo
445 1144 582 1228 quisque
603 1143 673 1210 vitii
691 1167 809 1232 genere
832 1169 869 1211 ac
891 1147 997 1231 specie
1018 1147 1146 1212 labora·

136 1276 208 1337 ret,
243 1285 309 1348 qua
328 1265 465 1349 quisque
482 1262 608 1328 ratione
627 1286 666 1329 ao
685 1269 784 1330 modo
803 1264 944 1350 speciem
965 1265 1072 1352 ipsam
1088 1289 1143 1334 oc·

136 1385 273 1447 cultaret
290 1396 322 1445 et
343 1382 581 1458 dissimularet,
606 1383 826 1448 odorantium.

180 1501 277 1587 Quod
301 1502 400 1588 igitur
425 1502 592 1566 Lucilium
615 1505 891 1569 adolescentulum
913 1527 987 1572 usus
1008 1529 1048 1573 ac
1072 1529 1145 1574 con·

135 1621 237 1687 uictus
254 1620 413 1685 sodalium
433 1621 467 1686 in
491 1620 658 1704 Scipionis
672 1624 780 1688 castris
797 1627 971 1703 docuerat,
995 1629 1148 1712 quodque

135 1739 170 1803 in
205 1739 274 1822 ipsa
307 1740 421 1804 deinde
452 1739 620 1823 republica
641 1755 798 1826 tanquam
817 1742 851 1806 in
873 1765 968 1808 scena
991 1745 1080 1810 idem
1097 1768 1147 1810 ac-

136 1861 278 1924 curatius
304 1859 575 1924 animadverterat
593 1862 880 1945 vehementiusque
904 1885 1039 1946 perosus
1059 1878 1145 1943 erat,

136 1981 201 2043 hoc
221 1993 258 2042 ut
275 1979 347 2062 ipsis
370 1977 535 2054 maleficis,
561 1991 719 2062 quantum
746 1993 825 2044 esset
848 1983 1005 2066 aequale,
1019 1995 1150 2047 consta·

137 2113 205 2174 ret,
231 2111 267 2161 ut
286 2099 320 2160 in
341 2119 455 2161 eorum
475 2098 612 2175 animis,
627 2101 877 2164 malefactorum
893 2100 954 2165 sibi
973 2104 1106 2169 consciis
1118 2116 1149 2168 et

137 2216 235 2281 taeital
259 2217 356 2298 culpa
378 2216 589 2292 sudantibus,
621 2220 727 2300 pudor
748 2240 786 2282 ac
812 2218 1010 2302 poenitentia
1034 2243 1152 2287 move-

137 2349 273 2410 rentur,
311 2337 372 2398 hoc
397 2347 435 2397 ut
455 2355 553 2398 omne
587 2334 687 2399 bonos
711 2357 778 2401 non
800 2339 933 2414 lateret,
966 2339 1022 2402 sed
1045 2340 1154 2405 edocti

139 2469 214 2519 tum
239 2454 356 2519 vitium
381 2454 489 2537 ipsum
515 2467 589 2516 tum
610 2453 679 2518 uitii
699 2456 841 2539 speciem
873 2460 1048 2544 fugerent,
1072 2460 1148 2526 scri·

140 2573 252 2638 bendis
281 2571 383 2636 satiris
404 2572 526 2656 assequi
555 2573 689 2638 studuit.
736 2572 806 2637 Hac
840 2589 949 2639 autem
974 2576 1009 2639 in
1031 2599 1069 2642 re
1087 2579 1150 2642 effi·

139 2691 253 2757 cienda
275 2691 406 2778 ingenio
428 2711 502 2756 usus
526 2704 572 2756 est
589 2713 730 2778 magno,
754 2696 886 2770 solerte,
910 2698 1037 2774 faceto,
1060 2697 1145 2761 omni
1174 2703 1178 2718 '

139 2826 288 2897 exparte
309 2813 489 2894 praeclar03
516 2813 605 2895 quod
628 2812 685 2875 etsi
709 2825 839 2876 mature
859 2814 1017 2880 libertatis
1038 2837 1146 2880 aman-

139 2932 299 2996 tissimum
324 2944 425 3009 esset,
449 2944 547 3015 atque
561 2931 662 2994 animi
685 2944 854 3016 utcunque
874 2934 980 2997 aflbcti
1002 2957 1040 2999 ac
1059 2951 1149 3005 come

139 3052 223 3115 moti
255 3051 419 3133 impetum
442 3063 655 3136 sequeretur,
692 3053 866 3115 candorem
895 3064 929 3115 et
959 3052 1149 3136 simplicita-

139 3185 208 3235 tem
221 3172 366 3244 referret,
380 3181 491 3232 tamen
501 3190 540 3231 ex
553 3166 756 3233 Graecorum
767 3170 975 3253 scriptorum,
987 3173 1023 3236 in
1035 3172 1148 3256 primis

139 3291 357 3365 comicorum,
370 3288 469 3354 literis
483 3301 613 3352 tantum
627 3289 773 3354 alimenti
786 3305 858 3374 post
870 3292 1030 3374 suscepit,
1045 3312 1148 3378 quan-

139 3423 212 3475 tum
232 3411 265 3473 in
288 3409 386 3476 simili
419 3407 527 3473 studio
547 3421 681 3472 ⁴uersato
706 3409 851 3473 maxime
877 3426 1080 3497 congruum¹
1097 3423 1149 3476 at«

137 3552 201 3615 que
238 3545 462 3614 opportunum
488 3542 566 3596 erat.
613 3527 727 3593 Pressit
741 3528 840 3616 igitur
857 3551 973 3595 eorum
993 3529 1127 3618 vestigia
1138 3576 1148 3608 ,

137 3669 199 3712 neo
218 3649 356 3732 gratiam
381 3651 542 3713 adulando
554 3661 752 3731 aucupatus,
776 3671 836 3714 nec
848 3663 940 3713 metu
954 3651 1147 3735 cujusquam

135 3767 334 3841 retardatus,
359 3766 533 3850 quominus
546 3765 732 3844 liberrime,
756 3789 839 3852 quae
851 3769 1000 3833 suaderet
1010 3769 1148 3844 animus,

137 3885 334 3952 enunciaret.
380 3882 443 3948 Sed
475 3885 606 3950 illorum
637 3890 806 3964 aemulus,
831 3888 1034 3974 generosiore
1052 3910 1089 3953 ac
1111 3886 1147 3950 li·

137 4068 413 4081 --——-·--——-—-

173 4194 184 4232 ι
224 4176 290 4230 lndc
308 4192 320 4222 a
339 4192 365 4241 p.
385 4176 445 4244 ¹08·
