<?xml version="1.0" encoding="UTF-8"?>
<!DOCTYPE html PUBLIC "-//W3C//DTD XHTML 1.0 Transitional//EN"
    "http://www.w3.org/TR/xhtml1/DTD/xhtml1-transitional.dtd">
<html xmlns="http://www.w3.org/1999/xhtml" xml:lang="en" lang="en">
 <head>
  <title>
</title>
<meta http-equiv="Content-Type" content="text/html;charset=utf-8" />
  <meta name='ocr-system' content='tesseract 3.04.00' />
  <meta name='ocr-capabilities' content='ocr_page ocr_carea ocr_par ocr_line ocrx_word'/>
</head>
<body>
  <div class='ocr_page' id='page_1' title='image "./studiacriticain00heusgoog_0182.png"; bbox 0 0 2580 4756; ppageno 0'>
   <div class='ocr_carea' id='block_1_1' title="bbox 608 407 666 469">
    <p class='ocr_par' dir='ltr' id='par_1_1' title="bbox 608 407 666 469">
     <span class='ocr_line' id='line_1_1' title="bbox 608 407 666 469; baseline -0.017 -1"><span class='ocrx_word' id='word_1_1' title='bbox 608 407 666 469; x_wconf 82' lang='lat'><strong>171</strong></span> 
     </span>
    </p>
   </div>
   <div class='ocr_carea' id='block_1_2' title="bbox 130 577 1145 1110">
    <p class='ocr_par' dir='ltr' id='par_1_2' title="bbox 130 577 1145 1110">
     <span class='ocr_line' id='line_1_2' title="bbox 130 577 1140 668; baseline 0.002 -24"><span class='ocrx_word' id='word_1_2' title='bbox 130 577 189 644; x_wconf 85' lang='lat' dir='ltr'><strong>hos</strong></span> <span class='ocrx_word' id='word_1_3' title='bbox 211 580 302 642; x_wconf 88' lang='lat' dir='ltr'><strong>brevi</strong></span> <span class='ocrx_word' id='word_1_4' title='bbox 328 579 432 660; x_wconf 87' lang='lat' dir='ltr'><strong>perire</strong></span> <span class='ocrx_word' id='word_1_5' title='bbox 456 594 622 661; x_wconf 83' lang='lat' dir='ltr'><strong>cuperent.</strong></span> <span class='ocrx_word' id='word_1_6' title='bbox 648 582 799 644; x_wconf 84' lang='lat' dir='ltr'><strong>Alterum</strong></span> <span class='ocrx_word' id='word_1_7' title='bbox 817 581 893 644; x_wconf 88' lang='lat' dir='ltr'>libri</span> <span class='ocrx_word' id='word_1_8' title='bbox 906 595 1140 668; x_wconf 71' lang='lat' dir='ltr'><strong>argumentum</strong></span> 
     </span>
     <span class='ocr_line' id='line_1_3' title="bbox 132 693 1142 781; baseline 0.004 -22"><span class='ocrx_word' id='word_1_9' title='bbox 132 716 201 759; x_wconf 89' lang='lat' dir='ltr'><strong>non</strong></span> <span class='ocrx_word' id='word_1_10' title='bbox 221 694 377 758; x_wconf 86' lang='lat' dir='ltr'><strong>abhorret</strong></span> <span class='ocrx_word' id='word_1_11' title='bbox 398 717 417 758; x_wconf 88' lang='lat' dir='ltr'><strong>a</strong></span> <span class='ocrx_word' id='word_1_12' title='bbox 440 693 516 758; x_wconf 88' lang='lat' dir='ltr'>libri</span> <span class='ocrx_word' id='word_1_13' title='bbox 541 698 648 779; x_wconf 78' lang='lat' dir='ltr'><strong>quarti</strong></span> <span class='ocrx_word' id='word_1_14' title='bbox 661 710 867 781; x_wconf 83' lang='lat' dir='ltr'><strong>argumento.</strong></span> <span class='ocrx_word' id='word_1_15' title='bbox 892 697 1091 763; x_wconf 86' lang='lat' dir='ltr'><strong>Proutenim</strong></span> <span class='ocrx_word' id='word_1_16' title='bbox 1103 719 1142 763; x_wconf 84' lang='lat' dir='ltr'><strong>eo</strong></span> 
     </span>
     <span class='ocr_line' id='line_1_4' title="bbox 133 809 1141 895; baseline 0.002 -19"><span class='ocrx_word' id='word_1_17' title='bbox 133 814 174 876; x_wconf 94' lang='lat' dir='ltr'><strong>de</strong></span> <span class='ocrx_word' id='word_1_18' title='bbox 197 809 351 875; x_wconf 85' lang='lat' dir='ltr'><strong>divitibus</strong></span> <span class='ocrx_word' id='word_1_19' title='bbox 379 832 488 875; x_wconf 88' lang='lat' dir='ltr'><strong>sermo</strong></span> <span class='ocrx_word' id='word_1_20' title='bbox 518 815 647 887; x_wconf 86' lang='lat' dir='ltr'><strong>fuerat,</strong></span> <span class='ocrx_word' id='word_1_21' title='bbox 676 824 775 895; x_wconf 85' lang='lat' dir='ltr'><strong>atque</strong></span> <span class='ocrx_word' id='word_1_22' title='bbox 795 816 989 895; x_wconf 87' lang='lat' dir='ltr'><strong>reprehensa</strong></span> <span class='ocrx_word' id='word_1_23' title='bbox 1009 814 1141 879; x_wconf 88' lang='lat' dir='ltr'><strong>illorum</strong></span> 
     </span>
     <span class='ocr_line' id='line_1_5' title="bbox 133 927 1143 1015; baseline 0.005 -25"><span class='ocrx_word' id='word_1_24' title='bbox 133 927 281 1002; x_wconf 85' lang='lat' dir='ltr'><strong>luxuria,</strong></span> <span class='ocrx_word' id='word_1_25' title='bbox 307 927 352 990; x_wconf 89' lang='lat' dir='ltr'><strong>ita</strong></span> <span class='ocrx_word' id='word_1_26' title='bbox 371 930 433 990; x_wconf 93' lang='lat' dir='ltr'><strong>boc</strong></span> <span class='ocrx_word' id='word_1_27' title='bbox 455 930 494 991; x_wconf 89' lang='lat' dir='ltr'><strong>de</strong></span> <span class='ocrx_word' id='word_1_28' title='bbox 512 929 578 992; x_wconf 83' lang='lat' dir='ltr'><strong>vita</strong></span> <span class='ocrx_word' id='word_1_29' title='bbox 601 951 639 992; x_wconf 88' lang='lat' dir='ltr'><strong>ac</strong></span> <span class='ocrx_word' id='word_1_30' title='bbox 656 927 747 992; x_wconf 86' lang='lat' dir='ltr'><strong>victu</strong></span> <span class='ocrx_word' id='word_1_31' title='bbox 766 929 964 993; x_wconf 89' lang='lat' dir='ltr'><strong>rusticorum</strong></span> <span class='ocrx_word' id='word_1_32' title='bbox 987 931 1072 1015; x_wconf 89' lang='lat' dir='ltr'><strong>egit,</strong></span> <span class='ocrx_word' id='word_1_33' title='bbox 1085 933 1143 1015; x_wconf 89' lang='lat' dir='ltr'><strong>qui</strong></span> 
     </span>
     <span class='ocr_line' id='line_1_6' title="bbox 135 1044 1145 1110; baseline 0.003 -3"><span class='ocrx_word' id='word_1_34' title='bbox 135 1065 203 1107; x_wconf 91' lang='lat' dir='ltr'><strong>non</strong></span> <span class='ocrx_word' id='word_1_35' title='bbox 235 1044 343 1107; x_wconf 89' lang='lat' dir='ltr'><strong>minus</strong></span> <span class='ocrx_word' id='word_1_36' title='bbox 380 1045 570 1108; x_wconf 83' lang='lat' dir='ltr'><strong>conditionis</strong></span> <span class='ocrx_word' id='word_1_37' title='bbox 605 1066 680 1108; x_wconf 87' lang='lat' dir='ltr'><strong>suae</strong></span> <span class='ocrx_word' id='word_1_38' title='bbox 697 1048 834 1108; x_wconf 90' lang='lat' dir='ltr'><strong>modum</strong></span> <span class='ocrx_word' id='word_1_39' title='bbox 852 1046 981 1110; x_wconf 70' lang='lat' dir='ltr'><strong>luxuria</strong></span> <span class='ocrx_word' id='word_1_40' title='bbox 1006 1048 1145 1110; x_wconf 84' lang='lat' dir='ltr'><strong>excede·</strong></span> 
     </span>
    </p>
   </div>
   <div class='ocr_carea' id='block_1_3' title="bbox 135 1160 1251 1244">
    <p class='ocr_par' dir='ltr' id='par_1_3' title="bbox 135 1160 1251 1244">
     <span class='ocr_line' id='line_1_7' title="bbox 135 1160 1251 1244; baseline 0.001 -22"><span class='ocrx_word' id='word_1_41' title='bbox 135 1160 238 1235; x_wconf 90' lang='lat' dir='ltr'><strong>bant,</strong></span> <span class='ocrx_word' id='word_1_42' title='bbox 277 1180 444 1243; x_wconf 88' lang='lat' dir='ltr'><strong>pravoque</strong></span> <span class='ocrx_word' id='word_1_43' title='bbox 473 1161 613 1225; x_wconf 85' lang='lat' dir='ltr'><strong>divitum</strong></span> <span class='ocrx_word' id='word_1_44' title='bbox 651 1163 801 1242; x_wconf 84' lang='lat' dir='ltr'><strong>exemplo</strong></span> <span class='ocrx_word' id='word_1_45' title='bbox 837 1164 1143 1244; x_wconf 83' lang='lat' dir='ltr'><strong>corrumpebantur.</strong></span> <span class='ocrx_word' id='word_1_46' title='bbox 1248 1218 1251 1223; x_wconf 86' lang='lat'><em>.</em></span> 
     </span>
    </p>
   </div>
   <div class='ocr_carea' id='block_1_4' title="bbox 132 1275 1147 1940">
    <p class='ocr_par' dir='ltr' id='par_1_4' title="bbox 132 1275 1147 1940">
     <span class='ocr_line' id='line_1_8' title="bbox 134 1275 1145 1361; baseline 0.004 -22"><span class='ocrx_word' id='word_1_47' title='bbox 134 1275 253 1339; x_wconf 88' lang='lat' dir='ltr'><strong>Derisit</strong></span> <span class='ocrx_word' id='word_1_48' title='bbox 285 1275 386 1361; x_wconf 85' lang='lat' dir='ltr'><strong>igitur</strong></span> <span class='ocrx_word' id='word_1_49' title='bbox 417 1277 571 1340; x_wconf 78' lang='lat' dir='ltr'><strong>rusticam</strong></span> <span class='ocrx_word' id='word_1_50' title='bbox 597 1280 762 1361; x_wconf 86' lang='lat' dir='ltr'><strong>quandam</strong></span> <span class='ocrx_word' id='word_1_51' title='bbox 787 1298 940 1356; x_wconf 88' lang='lat' dir='ltr'><strong>coenam,</strong></span> <span class='ocrx_word' id='word_1_52' title='bbox 955 1279 1080 1360; x_wconf 78' lang='lat' dir='ltr'><strong>copiose</strong></span> <span class='ocrx_word' id='word_1_53' title='bbox 1107 1292 1145 1343; x_wconf 87' lang='lat' dir='ltr'><strong>ut</strong></span> 
     </span>
     <span class='ocr_line' id='line_1_9' title="bbox 134 1394 1146 1479; baseline 0.003 -22"><span class='ocrx_word' id='word_1_54' title='bbox 134 1394 264 1457; x_wconf 79' lang='lat' dir='ltr'><strong>videtur</strong></span> <span class='ocrx_word' id='word_1_55' title='bbox 297 1405 330 1455; x_wconf 93' lang='lat' dir='ltr'><strong>et</strong></span> <span class='ocrx_word' id='word_1_56' title='bbox 358 1394 539 1456; x_wconf 79' lang='lat' dir='ltr'><strong>immodicis</strong></span> <span class='ocrx_word' id='word_1_57' title='bbox 562 1394 725 1458; x_wconf 80' lang='lat' dir='ltr'><strong>sumtibus</strong></span> <span class='ocrx_word' id='word_1_58' title='bbox 742 1408 914 1477; x_wconf 87' lang='lat' dir='ltr'><strong>paratam,</strong></span> <span class='ocrx_word' id='word_1_59' title='bbox 938 1397 1029 1479; x_wconf 90' lang='lat' dir='ltr'><strong>cujus</strong></span> <span class='ocrx_word' id='word_1_60' title='bbox 1052 1399 1146 1460; x_wconf 86' lang='lat' dir='ltr'><strong>mui-</strong></span> 
     </span>
     <span class='ocr_line' id='line_1_10' title="bbox 136 1509 1144 1596; baseline 0.007 -25"><span class='ocrx_word' id='word_1_61' title='bbox 136 1523 184 1571; x_wconf 86' lang='lat' dir='ltr'><strong>tas</strong></span> <span class='ocrx_word' id='word_1_62' title='bbox 205 1509 398 1573; x_wconf 86' lang='lat' dir='ltr'><strong>herbassive</strong></span> <span class='ocrx_word' id='word_1_63' title='bbox 410 1511 533 1573; x_wconf 78' lang='lat' dir='ltr'><strong>fercula</strong></span> <span class='ocrx_word' id='word_1_64' title='bbox 555 1510 737 1574; x_wconf 87' lang='lat' dir='ltr'><strong>nominavit</strong></span> <span class='ocrx_word' id='word_1_65' title='bbox 749 1512 774 1574; x_wconf 79' lang='lat'><strong>¹.</strong></span> <span class='ocrx_word' id='word_1_66' title='bbox 798 1510 911 1596; x_wconf 82' lang='lat' dir='ltr'><strong>Neque</strong></span> <span class='ocrx_word' id='word_1_67' title='bbox 931 1526 1055 1578; x_wconf 85' lang='lat' dir='ltr'><strong>temere</strong></span> <span class='ocrx_word' id='word_1_68' title='bbox 1068 1534 1144 1577; x_wconf 86' lang='lat' dir='ltr'><strong>con·</strong></span> 
     </span>
     <span class='ocr_line' id='line_1_11' title="bbox 132 1623 1145 1715; baseline 0.005 -29"><span class='ocrx_word' id='word_1_69' title='bbox 132 1625 283 1709; x_wconf 83' lang='lat' dir='ltr'><strong>jicimus,</strong></span> <span class='ocrx_word' id='word_1_70' title='bbox 308 1626 343 1687; x_wconf 90' lang='lat' dir='ltr'><strong>in</strong></span> <span class='ocrx_word' id='word_1_71' title='bbox 364 1623 488 1689; x_wconf 86' lang='lat' dir='ltr'><strong>Horatii</strong></span> <span class='ocrx_word' id='word_1_72' title='bbox 509 1626 605 1690; x_wconf 80' lang='lat' dir='ltr'><strong>satira</strong></span> <span class='ocrx_word' id='word_1_73' title='bbox 625 1626 701 1689; x_wconf 90' lang='lat' dir='ltr'><strong>libri</strong></span> <span class='ocrx_word' id='word_1_74' title='bbox 725 1626 823 1708; x_wconf 91' lang='lat' dir='ltr'><strong>primi</strong></span> <span class='ocrx_word' id='word_1_75' title='bbox 844 1629 953 1709; x_wconf 89' lang='lat' dir='ltr'><strong>prima</strong></span> <span class='ocrx_word' id='word_1_76' title='bbox 974 1632 1080 1715; x_wconf 87' lang='lat' dir='ltr'><strong>multa</strong></span> <span class='ocrx_word' id='word_1_77' title='bbox 1096 1630 1145 1691; x_wconf 91' lang='lat' dir='ltr'><strong>in-</strong></span> 
     </span>
     <span class='ocr_line' id='line_1_12' title="bbox 137 1740 1147 1826; baseline 0.003 -22"><span class='ocrx_word' id='word_1_78' title='bbox 137 1743 259 1816; x_wconf 87' lang='lat' dir='ltr'><strong>veniri,</strong></span> <span class='ocrx_word' id='word_1_79' title='bbox 284 1762 367 1823; x_wconf 88' lang='lat' dir='ltr'><strong>quae</strong></span> <span class='ocrx_word' id='word_1_80' title='bbox 392 1763 408 1804; x_wconf 91' lang='lat' dir='ltr'><strong>e</strong></span> <span class='ocrx_word' id='word_1_81' title='bbox 432 1742 557 1804; x_wconf 86' lang='lat' dir='ltr'><strong>Lucilio</strong></span> <span class='ocrx_word' id='word_1_82' title='bbox 576 1743 736 1805; x_wconf 79' lang='lat' dir='ltr'><strong>sumserit.</strong></span> <span class='ocrx_word' id='word_1_83' title='bbox 760 1740 858 1825; x_wconf 86' lang='lat' dir='ltr'><strong>Quod</strong></span> <span class='ocrx_word' id='word_1_84' title='bbox 886 1744 1020 1807; x_wconf 88' lang='lat' dir='ltr'><strong>indicari</strong></span> <span class='ocrx_word' id='word_1_85' title='bbox 1048 1765 1147 1826; x_wconf 89' lang='lat' dir='ltr'><strong>prae-</strong></span> 
     </span>
     <span class='ocr_line' id='line_1_13' title="bbox 132 1857 931 1940; baseline -0.005 -18"><span class='ocrx_word' id='word_1_86' title='bbox 132 1859 248 1922; x_wconf 87' lang='lat' dir='ltr'><strong>sertim</strong></span> <span class='ocrx_word' id='word_1_87' title='bbox 273 1857 401 1920; x_wconf 87' lang='lat' dir='ltr'><strong>videtur</strong></span> <span class='ocrx_word' id='word_1_88' title='bbox 424 1859 599 1940; x_wconf 87' lang='lat' dir='ltr'><strong>fragmenti</strong></span> <span class='ocrx_word' id='word_1_89' title='bbox 615 1858 746 1920; x_wconf 87' lang='lat' dir='ltr'><strong>secundi</strong></span> <span class='ocrx_word' id='word_1_90' title='bbox 772 1857 931 1921; x_wconf 86' lang='lat' dir='ltr'><strong>versibus:</strong></span> 
     </span>
    </p>
   </div>
   <div class='ocr_carea' id='block_1_5' title="bbox 182 1970 1147 2060">
    <p class='ocr_par' dir='ltr' id='par_1_5' title="bbox 182 1970 1147 2060">
     <span class='ocr_line' id='line_1_14' title="bbox 182 1970 1147 2060; baseline 0.004 -25"><span class='ocrx_word' id='word_1_91' title='bbox 182 1970 222 2035; x_wconf 88' lang='lat' dir='ltr'><em>N</em></span> <span class='ocrx_word' id='word_1_92' title='bbox 220 1975 329 2048; x_wconf 76' lang='lat' dir='ltr'><strong>omri,</strong></span> <span class='ocrx_word' id='word_1_93' title='bbox 342 1972 432 2057; x_wconf 79' lang='lat' dir='ltr'><strong>quod</strong></span> <span class='ocrx_word' id='word_1_94' title='bbox 443 1976 535 2035; x_wconf 81' lang='lat' dir='ltr'><strong>satia</strong></span> <span class='ocrx_word' id='word_1_95' title='bbox 547 1973 748 2047; x_wconf 77' lang='lat' dir='ltr'><strong>esthomini,</strong></span> <span class='ocrx_word' id='word_1_96' title='bbox 758 1972 800 2036; x_wconf 77' lang='lat' dir='ltr'><strong>id</strong></span> <span class='ocrx_word' id='word_1_97' title='bbox 809 1977 901 2037; x_wconf 79' lang='lat' dir='ltr'><strong>satis</strong></span> <span class='ocrx_word' id='word_1_98' title='bbox 914 1997 982 2037; x_wconf 80' lang='lat' dir='ltr'><strong>erse</strong></span> <span class='ocrx_word' id='word_1_99' title='bbox 988 1977 1147 2060; x_wconf 80' lang='lat' dir='ltr'><strong>petisset,</strong></span> 
     </span>
    </p>
   </div>
   <div class='ocr_carea' id='block_1_6' title="bbox 142 2089 1208 3578">
    <p class='ocr_par' dir='ltr' id='par_1_6' title="bbox 185 2089 1150 2294">
     <span class='ocr_line' id='line_1_15' title="bbox 185 2089 1150 2175; baseline 0.005 -25"><span class='ocrx_word' id='word_1_100' title='bbox 185 2089 255 2151; x_wconf 86' lang='lat' dir='ltr'><strong>Hoc</strong></span> <span class='ocrx_word' id='word_1_101' title='bbox 279 2099 336 2150; x_wconf 84' lang='lat' dir='ltr'><strong>sot</strong></span> <span class='ocrx_word' id='word_1_102' title='bbox 355 2099 446 2151; x_wconf 81' lang='lat' dir='ltr'><strong>erat.-</strong></span> <span class='ocrx_word' id='word_1_103' title='bbox 468 2109 559 2150; x_wconf 73' lang='lat' dir='ltr'><strong>nunc</strong></span> <span class='ocrx_word' id='word_1_104' title='bbox 582 2095 688 2173; x_wconf 76' lang='lat' dir='ltr'><strong>quum</strong></span> <span class='ocrx_word' id='word_1_105' title='bbox 709 2089 769 2152; x_wconf 74' lang='lat' dir='ltr'><strong>boe</strong></span> <span class='ocrx_word' id='word_1_106' title='bbox 783 2111 852 2152; x_wconf 79' lang='lat' dir='ltr'><strong>nors</strong></span> <span class='ocrx_word' id='word_1_107' title='bbox 874 2102 939 2165; x_wconf 81' lang='lat' dir='ltr'><strong>est,</strong></span> <span class='ocrx_word' id='word_1_108' title='bbox 963 2089 1150 2175; x_wconf 76' lang='lat' dir='ltr'><strong>quicredi·</strong></span> 
     </span>
     <span class='ocr_line' id='line_1_16' title="bbox 912 2211 1109 2294; baseline 0.01 -22"><span class='ocrx_word' id='word_1_109' title='bbox 912 2211 982 2272; x_wconf 79' lang='lat' dir='ltr'><strong>mo&#39;</strong></span> <span class='ocrx_word' id='word_1_110' title='bbox 998 2230 1109 2294; x_wconf 81' lang='lat' dir='ltr'><strong>porro</strong></span> 
     </span>
    </p>

    <p class='ocr_par' dir='ltr' id='par_1_7' title="bbox 142 2320 1208 3578">
     <span class='ocr_line' id='line_1_17' title="bbox 186 2320 1055 2410; baseline 0.006 -26"><span class='ocrx_word' id='word_1_111' title='bbox 186 2320 350 2384; x_wconf 79' lang='lat' dir='ltr'><strong>Diuitias</strong></span> <span class='ocrx_word' id='word_1_112' title='bbox 372 2321 470 2384; x_wconf 78' lang='lat' dir='ltr'><strong>ullos</strong></span> <span class='ocrx_word' id='word_1_113' title='bbox 491 2323 649 2385; x_wconf 78' lang='lat' dir='ltr'><strong>animum</strong></span> <span class='ocrx_word' id='word_1_114' title='bbox 672 2325 723 2384; x_wconf 74' lang='lat' dir='ltr'><strong>mi</strong></span> <span class='ocrx_word' id='word_1_115' title='bbox 744 2323 878 2408; x_wconf 71' lang='lat' dir='ltr'><strong>explere</strong></span> <span class='ocrx_word' id='word_1_116' title='bbox 892 2327 1055 2410; x_wconf 79' lang='lat' dir='ltr'><strong>petisse?</strong></span> 
     </span>
     <span class='ocr_line' id='line_1_18' title="bbox 144 2439 1151 2523; baseline 0 -21"><span class='ocrx_word' id='word_1_117' title='bbox 144 2441 195 2502; x_wconf 84' lang='lat' dir='ltr'><strong>Ad</strong></span> <span class='ocrx_word' id='word_1_118' title='bbox 216 2459 295 2521; x_wconf 90' lang='lat' dir='ltr'><strong>quos</strong></span> <span class='ocrx_word' id='word_1_119' title='bbox 313 2439 489 2514; x_wconf 87' lang='lat' dir='ltr'><strong>audienda,</strong></span> <span class='ocrx_word' id='word_1_120' title='bbox 511 2460 595 2522; x_wconf 87' lang='lat' dir='ltr'><strong>quae</strong></span> <span class='ocrx_word' id='word_1_121' title='bbox 620 2439 745 2520; x_wconf 84' lang='lat' dir='ltr'><strong>Lipsius</strong></span> <span class='ocrx_word' id='word_1_122' title='bbox 767 2441 911 2504; x_wconf 87' lang='lat' dir='ltr'><strong>notavit:</strong></span> <span class='ocrx_word' id='word_1_123' title='bbox 938 2467 955 2508; x_wconf 89' lang='lat'><strong>&lt;‹</strong></span> <span class='ocrx_word' id='word_1_124' title='bbox 967 2439 1019 2516; x_wconf 86' lang='lat' dir='ltr'><strong>Si,</strong></span> <span class='ocrx_word' id='word_1_125' title='bbox 1042 2441 1151 2523; x_wconf 89' lang='lat' dir='ltr'><strong>inquit</strong></span> 
     </span>
     <span class='ocr_line' id='line_1_19' title="bbox 143 2553 1150 2637; baseline 0.001 -20"><span class='ocrx_word' id='word_1_126' title='bbox 143 2556 305 2629; x_wconf 74' lang='lat' dir='ltr'><strong>Lucilius,</strong></span> <span class='ocrx_word' id='word_1_127' title='bbox 339 2554 374 2617; x_wconf 95' lang='lat' dir='ltr'><strong>id</strong></span> <span class='ocrx_word' id='word_1_128' title='bbox 408 2557 496 2637; x_wconf 93' lang='lat' dir='ltr'><strong>quod</strong></span> <span class='ocrx_word' id='word_1_129' title='bbox 521 2553 647 2616; x_wconf 91' lang='lat' dir='ltr'><strong>homini</strong></span> <span class='ocrx_word' id='word_1_130' title='bbox 679 2555 753 2617; x_wconf 84' lang='lat' dir='ltr'><strong>satis</strong></span> <span class='ocrx_word' id='word_1_131' title='bbox 784 2565 831 2617; x_wconf 84' lang='lat' dir='ltr'><strong>est</strong></span> <span class='ocrx_word' id='word_1_132' title='bbox 849 2568 954 2635; x_wconf 86' lang='lat' dir='ltr'><strong>posset</strong></span> <span class='ocrx_word' id='word_1_133' title='bbox 975 2575 1039 2618; x_wconf 84' lang='lat' dir='ltr'><strong>esse</strong></span> <span class='ocrx_word' id='word_1_134' title='bbox 1061 2555 1150 2628; x_wconf 72' lang='lat' dir='ltr'><strong>saus,</strong></span> 
     </span>
     <span class='ocr_line' id='line_1_20' title="bbox 143 2668 1208 2753; baseline -0.004 -19"><span class='ocrx_word' id='word_1_135' title='bbox 143 2673 165 2737; x_wconf 86' lang='lat' dir='ltr'><strong>i.</strong></span> <span class='ocrx_word' id='word_1_136' title='bbox 178 2693 206 2735; x_wconf 93' lang='lat' dir='ltr'><strong>e.</strong></span> <span class='ocrx_word' id='word_1_137' title='bbox 230 2671 255 2734; x_wconf 90' lang='lat' dir='ltr'><strong>si</strong></span> <span class='ocrx_word' id='word_1_138' title='bbox 278 2692 337 2746; x_wconf 93' lang='lat' dir='ltr'><strong>eo,</strong></span> <span class='ocrx_word' id='word_1_139' title='bbox 362 2672 451 2753; x_wconf 92' lang='lat' dir='ltr'><strong>quod</strong></span> <span class='ocrx_word' id='word_1_140' title='bbox 470 2672 632 2732; x_wconf 85' lang='lat' dir='ltr'><strong>humanae</strong></span> <span class='ocrx_word' id='word_1_141' title='bbox 652 2680 788 2731; x_wconf 85' lang='lat' dir='ltr'><strong>naturae</strong></span> <span class='ocrx_word' id='word_1_142' title='bbox 803 2671 1026 2732; x_wconf 75' lang='lat' dir='ltr'><strong>sustentandae</strong></span> <span class='ocrx_word' id='word_1_143' title='bbox 1038 2668 1153 2750; x_wconf 85' lang='lat' dir='ltr'><strong>reipsa</strong></span> <span class='ocrx_word' id='word_1_144' title='bbox 1205 2711 1208 2717; x_wconf 84' lang='lat'><em>-</em></span> 
     </span>
     <span class='ocr_line' id='line_1_21' title="bbox 142 2786 1155 2869; baseline -0.003 -15"><span class='ocrx_word' id='word_1_145' title='bbox 142 2791 276 2864; x_wconf 87' lang='lat' dir='ltr'><strong>sufficit,</strong></span> <span class='ocrx_word' id='word_1_146' title='bbox 307 2791 453 2852; x_wconf 86' lang='lat' dir='ltr'><strong>humana</strong></span> <span class='ocrx_word' id='word_1_147' title='bbox 479 2787 581 2850; x_wconf 93' lang='lat' dir='ltr'><strong>libido</strong></span> <span class='ocrx_word' id='word_1_148' title='bbox 612 2799 691 2848; x_wconf 85' lang='lat' dir='ltr'><strong>esset</strong></span> <span class='ocrx_word' id='word_1_149' title='bbox 721 2798 891 2860; x_wconf 84' lang='lat' dir='ltr'><strong>contenta,</strong></span> <span class='ocrx_word' id='word_1_150' title='bbox 912 2788 976 2852; x_wconf 90' lang='lat' dir='ltr'><strong>hoo</strong></span> <span class='ocrx_word' id='word_1_151' title='bbox 995 2787 1066 2869; x_wconf 82' lang='lat' dir='ltr'><strong>jam</strong></span> <span class='ocrx_word' id='word_1_152' title='bbox 1080 2786 1155 2851; x_wconf 83' lang='lat' dir='ltr'><strong>satis</strong></span> 
     </span>
     <span class='ocr_line' id='line_1_22' title="bbox 143 2900 1156 2988; baseline -0.003 -17"><span class='ocrx_word' id='word_1_153' title='bbox 143 2920 236 2981; x_wconf 88' lang='lat' dir='ltr'><strong>erat,</strong></span> <span class='ocrx_word' id='word_1_154' title='bbox 259 2922 366 2988; x_wconf 88' lang='lat' dir='ltr'><strong>neque</strong></span> <span class='ocrx_word' id='word_1_155' title='bbox 380 2904 520 2986; x_wconf 86' lang='lat' dir='ltr'><strong>amplius</strong></span> <span class='ocrx_word' id='word_1_156' title='bbox 544 2903 667 2987; x_wconf 86' lang='lat' dir='ltr'><strong>aliquid</strong></span> <span class='ocrx_word' id='word_1_157' title='bbox 687 2905 912 2985; x_wconf 87' lang='lat' dir='ltr'><strong>quaerendum</strong></span> <span class='ocrx_word' id='word_1_158' title='bbox 932 2915 1022 2969; x_wconf 82' lang='lat' dir='ltr'><strong>esset.</strong></span> <span class='ocrx_word' id='word_1_159' title='bbox 1068 2900 1156 2968; x_wconf 87' lang='lat' dir='ltr'><strong>Cum</strong></span> 
     </span>
     <span class='ocr_line' id='line_1_23' title="bbox 143 3019 1153 3103; baseline -0.006 -14"><span class='ocrx_word' id='word_1_160' title='bbox 143 3025 256 3089; x_wconf 80' lang='lat' dir='ltr'><strong>autem</strong></span> <span class='ocrx_word' id='word_1_161' title='bbox 277 3023 376 3086; x_wconf 90' lang='lat' dir='ltr'><strong>animi</strong></span> <span class='ocrx_word' id='word_1_162' title='bbox 395 3021 553 3103; x_wconf 79' lang='lat' dir='ltr'><strong>cupiditas</strong></span> <span class='ocrx_word' id='word_1_163' title='bbox 572 3022 618 3085; x_wconf 92' lang='lat' dir='ltr'><strong>ita</strong></span> <span class='ocrx_word' id='word_1_164' title='bbox 633 3041 666 3083; x_wconf 85' lang='lat' dir='ltr'><strong>sc</strong></span> <span class='ocrx_word' id='word_1_165' title='bbox 690 3020 824 3094; x_wconf 85' lang='lat' dir='ltr'><strong>effudit,</strong></span> <span class='ocrx_word' id='word_1_166' title='bbox 847 3031 886 3083; x_wconf 87' lang='lat' dir='ltr'><strong>ut</strong></span> <span class='ocrx_word' id='word_1_167' title='bbox 905 3040 959 3084; x_wconf 86' lang='lat' dir='ltr'><strong>eos</strong></span> <span class='ocrx_word' id='word_1_168' title='bbox 975 3019 1153 3094; x_wconf 86' lang='lat' dir='ltr'><strong>terminos,</strong></span> 
     </span>
     <span class='ocr_line' id='line_1_24' title="bbox 146 3137 1157 3226; baseline -0.005 -22"><span class='ocrx_word' id='word_1_169' title='bbox 146 3162 227 3226; x_wconf 88' lang='lat' dir='ltr'><strong>quos</strong></span> <span class='ocrx_word' id='word_1_170' title='bbox 252 3152 387 3203; x_wconf 86' lang='lat' dir='ltr'><strong>naturae</strong></span> <span class='ocrx_word' id='word_1_171' title='bbox 412 3139 576 3203; x_wconf 84' lang='lat' dir='ltr'><strong>necessitas</strong></span> <span class='ocrx_word' id='word_1_172' title='bbox 595 3137 699 3214; x_wconf 87' lang='lat' dir='ltr'><strong>dedit,</strong></span> <span class='ocrx_word' id='word_1_173' title='bbox 723 3137 927 3222; x_wconf 71' lang='lat' dir='ltr'><strong>egrediatur,</strong></span> <span class='ocrx_word' id='word_1_174' title='bbox 950 3138 1070 3220; x_wconf 86' lang='lat' dir='ltr'><strong>nejam</strong></span> <span class='ocrx_word' id='word_1_175' title='bbox 1083 3140 1157 3200; x_wconf 86' lang='lat' dir='ltr'><strong>c&#39;re-</strong></span> 
     </span>
     <span class='ocr_line' id='line_1_25' title="bbox 148 3253 1157 3337; baseline -0.004 -16"><span class='ocrx_word' id='word_1_176' title='bbox 148 3263 263 3322; x_wconf 87' lang='lat' dir='ltr'><strong>damus</strong></span> <span class='ocrx_word' id='word_1_177' title='bbox 286 3259 387 3320; x_wconf 87' lang='lat' dir='ltr'><strong>ullam</strong></span> <span class='ocrx_word' id='word_1_178' title='bbox 418 3256 485 3321; x_wconf 84' lang='lat' dir='ltr'><strong>vim</strong></span> <span class='ocrx_word' id='word_1_179' title='bbox 518 3256 708 3322; x_wconf 81' lang='lat' dir='ltr'><strong>divitiarum</strong></span> <span class='ocrx_word' id='word_1_180' title='bbox 742 3266 800 3319; x_wconf 88' lang='lat' dir='ltr'><strong>aut</strong></span> <span class='ocrx_word' id='word_1_181' title='bbox 827 3253 1061 3321; x_wconf 84' lang='lat' dir='ltr'><strong>abundantiam</strong></span> <span class='ocrx_word' id='word_1_182' title='bbox 1089 3256 1157 3337; x_wconf 84' lang='lat' dir='ltr'><strong>ejus</strong></span> 
     </span>
     <span class='ocr_line' id='line_1_26' title="bbox 148 3368 1158 3454; baseline -0.007 -15"><span class='ocrx_word' id='word_1_183' title='bbox 148 3377 319 3439; x_wconf 83' lang='lat' dir='ltr'><strong>effrenatae</strong></span> <span class='ocrx_word' id='word_1_184' title='bbox 349 3371 474 3436; x_wconf 89' lang='lat' dir='ltr'><strong>libidini</strong></span> <span class='ocrx_word' id='word_1_185' title='bbox 503 3392 594 3454; x_wconf 88' lang='lat' dir='ltr'><strong>posse</strong></span> <span class='ocrx_word' id='word_1_186' title='bbox 621 3371 766 3436; x_wconf 84' lang='lat' dir='ltr'><strong>sufficere</strong></span> <span class='ocrx_word' id='word_1_187' title='bbox 777 3369 837 3434; x_wconf 77' lang='lat'><strong>².»</strong></span> <span class='ocrx_word' id='word_1_188' title='bbox 863 3424 866 3428; x_wconf 93' lang='lat'>.</span> <span class='ocrx_word' id='word_1_189' title='bbox 888 3368 964 3453; x_wconf 88' lang='lat' dir='ltr'><strong>Quo</strong></span> <span class='ocrx_word' id='word_1_190' title='bbox 997 3369 1158 3453; x_wconf 86' lang='lat' dir='ltr'><strong>pertinere</strong></span> 
     </span>
     <span class='ocr_line' id='line_1_27' title="bbox 148 3488 615 3578; baseline -0.013 -21"><span class='ocrx_word' id='word_1_191' title='bbox 148 3488 247 3557; x_wconf 81' lang='lat' dir='ltr'><strong>credo</strong></span> <span class='ocrx_word' id='word_1_192' title='bbox 263 3493 488 3578; x_wconf 71' lang='lat' dir='ltr'><strong>fragmentum</strong></span> <span class='ocrx_word' id='word_1_193' title='bbox 514 3489 615 3552; x_wconf 83' lang='lat' dir='ltr'><strong>illud:</strong></span> 
     </span>
    </p>
   </div>
   <div class='ocr_carea' id='block_1_7' title="bbox 153 3728 432 3742">
    <p class='ocr_par' dir='ltr' id='par_1_8' title="bbox 153 3728 432 3742">
     <span class='ocr_line' id='line_1_28' title="bbox 153 3728 432 3742; baseline 0 -2"><span class='ocrx_word' id='word_1_194' title='bbox 153 3728 432 3742; x_wconf 57' lang='lat' dir='ltr'><strong>m</strong></span> 
     </span>
    </p>
   </div>
   <div class='ocr_carea' id='block_1_8' title="bbox 147 3859 1159 4121">
    <p class='ocr_par' dir='ltr' id='par_1_9' title="bbox 147 3859 1159 4121">
     <span class='ocr_line' id='line_1_29' title="bbox 186 3859 1159 3932; baseline -0.01 -12"><span class='ocrx_word' id='word_1_195' title='bbox 186 3879 201 3920; x_wconf 84' lang='grc' dir='ltr'><strong>ι</strong></span> <span class='ocrx_word' id='word_1_196' title='bbox 244 3859 843 3932; x_wconf 63' lang='lat' dir='ltr'><strong>Sosip.char.1nat.Gr.ip.57.</strong></span> <span class='ocrx_word' id='word_1_197' title='bbox 878 3861 1159 3916; x_wconf 75' lang='lat' dir='ltr'><strong>nousaautuc.</strong></span> 
     </span>
     <span class='ocr_line' id='line_1_30' title="bbox 147 3966 316 4030; baseline -0.03 -14"><span class='ocrx_word' id='word_1_198' title='bbox 147 3966 316 4030; x_wconf 52' lang='lat' dir='ltr'><strong>sapum.</strong></span> 
     </span>
     <span class='ocr_line' id='line_1_31' title="bbox 188 4053 661 4121; baseline -0.011 -12"><span class='ocrx_word' id='word_1_199' title='bbox 188 4075 205 4115; x_wconf 72' lang='lat' dir='ltr'><strong>a</strong></span> <span class='ocrx_word' id='word_1_200' title='bbox 246 4057 333 4110; x_wconf 68' lang='lat' dir='ltr'><strong>Van.</strong></span> <span class='ocrx_word' id='word_1_201' title='bbox 354 4054 554 4120; x_wconf 56' lang='lat' dir='ltr'><strong>noctabat</strong></span> <span class='ocrx_word' id='word_1_202' title='bbox 572 4070 600 4121; x_wconf 85' lang='lat' dir='ltr'><strong>p·</strong></span> <span class='ocrx_word' id='word_1_203' title='bbox 618 4053 661 4106; x_wconf 68' lang='lat' dir='ltr'><strong>zu.</strong></span> 
     </span>
    </p>
   </div>
   <div class='ocr_carea' id='block_1_9' title="bbox 0 0 1320 4756">
    <p class='ocr_par' dir='ltr' id='par_1_10' title="bbox 0 0 1320 4756">
     <span class='ocr_line' id='line_1_32' title="bbox 0 0 1320 4756; baseline 0 0"><span class='ocrx_word' id='word_1_204' title='bbox 0 0 1320 4756; x_wconf 95' lang='lat' dir='ltr'><strong> </strong></span> 
     </span>
    </p>
   </div>
  </div>
 </body>
</html>
