2580 4756
691 361 747 422 66·

219 539 326 623 Scipio
345 542 478 602 moleste
492 538 644 613 tulissent,
663 538 833 623 ingenium
847 551 1018 603 acuentem
1041 539 1078 604 in
1089 542 1221 626 impro·

218 660 274 724 bos
292 671 324 722 et
341 658 533 722 facinorosos
544 656 639 722 cives.
663 655 789 741 Quibus
803 656 996 735 Trebatius,
1017 673 1055 724 ut
1073 660 1158 735 mihi
1171 661 1219 726 vi·

219 780 324 854 detur,
337 776 515 862 subjungit:
530 799 547 842 n
562 798 676 840 verum
688 778 776 840 haud
787 776 964 840 immemor
975 790 1039 842 esse
1049 793 1155 862 potes,
1165 801 1221 863 po·

223 898 340 978 pulum
354 897 439 958 haud
460 917 548 959 secus
559 908 657 978 atque
666 892 837 976 optimates
850 895 1018 959 abeodem
1031 895 1180 982 graviter
1190 913 1220 962 et

221 1027 378 1096 perpetuo
399 1035 464 1078 esse
486 1014 725 1100 exagitatum.»
753 1011 853 1097 Cujus
875 1013 1010 1097 quidem
1032 1017 1222 1082 temeritatis

220 1132 312 1197 luisse
334 1154 450 1215 poenas
473 1132 658 1207 Lucilium,
681 1129 708 1196 si
732 1153 769 1195 ea
786 1131 886 1196 verba
897 1133 1220 1214 prolataaTrebatio

217 1252 407 1327 credamus,
431 1250 618 1314 inducimur
636 1263 673 1313 ut
684 1249 897 1332 suspicemur.
919 1247 990 1324 Nec,
1007 1252 1103 1317 video
1125 1255 1222 1338 equi·

218 1372 294 1432 dem
328 1368 417 1433 istud
448 1371 550 1455 atqui
579 1389 645 1452 quo
680 1370 778 1432 modo
803 1367 930 1432 Horatii
947 1391 1101 1452 personae
1118 1373 1221 1437 tribui

216 1487 334 1571 possit,
358 1489 447 1570 quod
465 1509 522 1550 sua
546 1487 800 1568 interponentis,
831 1507 899 1550 non
930 1509 1117 1553 sermonem
1141 1512 1221 1555 eon-

218 1606 383 1682 tinuautis,
401 1627 477 1682 esse,
502 1604 592 1671 verbi
613 1592 687 1668 usus
706 1607 811 1669 docet.
835 1604 988 1679 Proxima
997 1627 1074 1672 vero
1090 1613 1220 1696 poitur,

218 1746 285 1789 non
307 1724 471 1800 Trebatio,
489 1723 650 1789 vindicata
667 1722 822 1786 eximiam
847 1723 915 1788 vim
926 1722 1059 1789 habent.
1107 1727 1221 1813 Itaque

223 1843 399 1920 sententiae
424 1858 550 1909 nostrae
572 1863 639 1906 non
671 1844 770 1906 modo
795 1864 862 1906 non
894 1845 1081 1910 adversatur
1098 1845 1223 1912 Horatii

220 1968 318 2040 locus,
340 1965 394 2027 sed
406 1962 451 2026 ita
463 1965 570 2027 favere
582 1961 710 2026 videtur
723 1975 759 2024 ut
771 1961 935 2025 Lucilium
947 1961 1080 2046 publico
1087 1966 1221 2049 judicio,

218 2102 284 2145 non
308 2102 483 2164 procerum
515 2081 715 2156 auctoritate,
749 2083 927 2148 multatum
960 2081 1131 2149 existimes.
1178 2085 1224 2151 Ao

221 2199 312 2262 video
339 2197 401 2260 alio
435 2199 577 2280 ejusdem
599 2202 715 2279 poetae
735 2200 805 2262 loco
821 2199 856 2263 iu
877 2199 1010 2264 obscure
1035 2201 1221 2288 significari.

219 2316 296 2392 Me,
319 2314 434 2381 scribit
447 2318 488 2380 ad
498 2318 638 2380 eundem
655 2316 862 2394 Trebatium,

336 2477 338 2482 ,
440 2457 548 2498 -me
564 2433 707 2520 pedibus
727 2433 870 2500 delectat
891 2437 1050 2501 claudere
1069 2440 1173 2506 verba

260 2555 383 2619 'Lucili
406 2557 502 2631 ritu,
526 2567 683 2619 nostrum
702 2556 861 2620 melioris
879 2571 1045 2646 utroque.-

267 2677 335 2740 Ille
357 2676 449 2740 velut
470 2673 556 2759 siclis
577 2698 708 2739 arcano
727 2675 906 2740 sodalibus
928 2677 1015 2740 olim

266 2795 428 2859 Credebat
447 2795 574 2874 libris3
592 2818 705 2882 neque,
729 2798 764 2859 si
786 2796 876 2859 mule
889 2807 1056 2873 cessarat,
1070 2820 1224 2885 unquam

227 2985 228 2990 η
267 2901 460 2977 Decurrens
483 2915 579 2991 alio,
608 2917 764 3001 aequasi
783 2915 881 2994 berrr,
907 2913 1031 3001 quostt
1053 2923 1227 2984 autumnis

268 3030 306 3096 V
304 3033 398 3095 otiati
411 3044 534 3118 pateat
551 3033 660 3096 veluti
671 3032 844 3120 descripto
866 3033 974 3098 tabell
983 3036 993 3056 ⁴

273 3149 310 3216 V
310 3152 364 3212 itu
387 3149 519 3216 sentit.

224 3269 354 3335 Votivas
387 3269 511 3333 tabulas
544 3269 693 3355 naufragi
731 3282 788 3333 aut
809 3269 846 3333 in
867 3274 991 3356 templo
1022 3287 1078 3338 aut
1104 3275 1137 3339 in
1162 3299 1229 3360 pu-

223 3389 309 3452 blico
330 3389 512 3472 ponebant3
537 3388 571 3451 in
595 3388 712 3471 quibus
730 3391 891 3477 naufragii
903 3392 1067 3456 calamitas
1080 3415 1229 3478 expressa

224 3521 302 3572 erat.
348 3506 421 3591 Qua
445 3507 585 3594 imagine
611 3529 684 3571 usus
702 3507 851 3574 Horatius
871 3523 908 3574 ut
930 3511 1111 3597 significet,
1137 3515 1230 3581 libris

224 3628 287 3689 suis
306 3627 470 3691 Lucilium
494 3627 592 3691 vitam
613 3649 706 3690 suam
726 3628 770 3692 ita
789 3631 829 3692 ad
840 3629 951 3693 vivum
974 3631 1167 3709 delineasse,
1192 3649 1230 3700 ut

225 3746 374 3831 naufragi
406 3747 625 3810 calamitatem
654 3746 774 3810 itineris
811 3747 859 3810 sui
897 3748 1070 3835 depingere
1102 3755 1228 3830 solent,

227 3864 326 3929 videri
361 3877 464 3946 potest
499 3865 676 3950 intelligere
710 3865 861 3941 voluisse,
899 3872 1029 3947 politam
1062 3873 1249 3937 adversam·

232 4078 388 4086 ‚w-—nv
396 4079 419 4083 00-
435 4078 508 4084 ⁷-

261 4167 272 4202 1
315 4154 376 4201 Sut.
401 4149 448 4210 ll,
473 4166 506 4210 1,
531 4151 562 4202 28
583 4167 642 4216 sqq.
