<?xml version="1.0" encoding="UTF-8"?>
<!DOCTYPE html PUBLIC "-//W3C//DTD XHTML 1.0 Transitional//EN"
    "http://www.w3.org/TR/xhtml1/DTD/xhtml1-transitional.dtd">
<html xmlns="http://www.w3.org/1999/xhtml" xml:lang="en" lang="en">
 <head>
  <title>
</title>
<meta http-equiv="Content-Type" content="text/html;charset=utf-8" />
  <meta name='ocr-system' content='tesseract 3.04.00' />
  <meta name='ocr-capabilities' content='ocr_page ocr_carea ocr_par ocr_line ocrx_word'/>
</head>
<body>
  <div class='ocr_page' id='page_1' title='image "./studiacriticain00heusgoog_0132.png"; bbox 0 0 2580 4756; ppageno 0'>
   <div class='ocr_carea' id='block_1_1' title="bbox 534 341 592 403">
    <p class='ocr_par' dir='ltr' id='par_1_1' title="bbox 534 341 592 403">
     <span class='ocr_line' id='line_1_1' title="bbox 534 341 592 403; baseline 0.034 -2"><span class='ocrx_word' id='word_1_1' title='bbox 534 341 592 403; x_wconf 74' lang='lat'>12&#39;1</span> 
     </span>
    </p>
   </div>
   <div class='ocr_carea' id='block_1_2' title="bbox 46 516 1273 3692">
    <p class='ocr_par' dir='ltr' id='par_1_2' title="bbox 46 516 1273 3692">
     <span class='ocr_line' id='line_1_2' title="bbox 46 516 1060 606; baseline -0.005 -20"><span class='ocrx_word' id='word_1_2' title='bbox 46 543 83 586; x_wconf 84' lang='lat' dir='ltr'><strong>se</strong></span> <span class='ocrx_word' id='word_1_3' title='bbox 97 534 261 584; x_wconf 83' lang='lat' dir='ltr'><strong>memorat</strong></span> <span class='ocrx_word' id='word_1_4' title='bbox 275 519 299 582; x_wconf 85' lang='lat'><strong>¹.</strong></span> <span class='ocrx_word' id='word_1_5' title='bbox 325 516 409 582; x_wconf 88' lang='lat' dir='ltr'><strong>Item</strong></span> <span class='ocrx_word' id='word_1_6' title='bbox 434 516 531 582; x_wconf 82' lang='lat' dir='ltr'><strong>Gall</strong></span> <span class='ocrx_word' id='word_1_7' title='bbox 536 521 588 583; x_wconf 75' lang='lat' dir='ltr'><strong>t-i:</strong></span> <span class='ocrx_word' id='word_1_8' title='bbox 614 544 631 584; x_wconf 92' lang='lat'>«</span> <span class='ocrx_word' id='word_1_9' title='bbox 644 538 750 604; x_wconf 92' lang='lat' dir='ltr'><strong>neque</strong></span> <span class='ocrx_word' id='word_1_10' title='bbox 762 537 883 606; x_wconf 76' lang='lat' dir='ltr'><strong>magno</strong></span> <span class='ocrx_word' id='word_1_11' title='bbox 892 519 1060 583; x_wconf 87' lang='lat' dir='ltr'><strong>intervallo</strong></span> 
     </span>
     <span class='ocr_line' id='line_1_3' title="bbox 50 637 1059 725; baseline -0.004 -23"><span class='ocrx_word' id='word_1_12' title='bbox 50 651 163 721; x_wconf 87' lang='lat' dir='ltr'><strong>postea</strong></span> <span class='ocrx_word' id='word_1_13' title='bbox 186 637 307 701; x_wconf 88' lang='lat' dir='ltr'><strong>Ennius</strong></span> <span class='ocrx_word' id='word_1_14' title='bbox 321 674 366 686; x_wconf 91' lang='lat'><em>-</em></span> <span class='ocrx_word' id='word_1_15' title='bbox 381 639 579 725; x_wconf 81' lang='lat' dir='ltr'><strong>clariorque</strong></span> <span class='ocrx_word' id='word_1_16' title='bbox 606 651 684 702; x_wconf 89' lang='lat' dir='ltr'><strong>tunc</strong></span> <span class='ocrx_word' id='word_1_17' title='bbox 704 638 903 703; x_wconf 89' lang='lat' dir='ltr'><strong>-Lucilius</strong></span> <span class='ocrx_word' id='word_1_18' title='bbox 925 637 1025 702; x_wconf 65' lang='lat' dir='ltr'><strong>fuist.</strong></span> <span class='ocrx_word' id='word_1_19' title='bbox 1040 657 1059 699; x_wconf 81' lang='lat' dir='ltr'><strong>u</strong></span> 
     </span>
     <span class='ocr_line' id='line_1_4' title="bbox 50 755 1061 840; baseline 0.002 -20"><span class='ocrx_word' id='word_1_20' title='bbox 50 755 116 821; x_wconf 85' lang='lat' dir='ltr'><strong>Sed</strong></span> <span class='ocrx_word' id='word_1_21' title='bbox 138 756 289 840; x_wconf 83' lang='lat' dir='ltr'><strong>proximo</strong></span> <span class='ocrx_word' id='word_1_22' title='bbox 309 770 456 840; x_wconf 86' lang='lat' dir='ltr'><strong>ternpore</strong></span> <span class='ocrx_word' id='word_1_23' title='bbox 472 758 623 822; x_wconf 88' lang='lat' dir='ltr'><strong>novimus</strong></span> <span class='ocrx_word' id='word_1_24' title='bbox 647 759 814 824; x_wconf 84' lang='lat' dir='ltr'><strong>ealeviora</strong></span> <span class='ocrx_word' id='word_1_25' title='bbox 837 758 902 824; x_wconf 82' lang='lat' dir='ltr'><strong>visa</strong></span> <span class='ocrx_word' id='word_1_26' title='bbox 915 781 979 823; x_wconf 90' lang='lat' dir='ltr'><strong>esse</strong></span> <span class='ocrx_word' id='word_1_27' title='bbox 999 759 1061 823; x_wconf 79' lang='lat' dir='ltr'><strong>Ci-</strong></span> 
     </span>
     <span class='ocr_line' id='line_1_5' title="bbox 49 875 1062 961; baseline 0.002 -23"><span class='ocrx_word' id='word_1_28' title='bbox 49 879 194 939; x_wconf 83' lang='lat' dir='ltr'><strong>ceroni</strong></span> <span class='ocrx_word' id='word_1_29' title='bbox 207 921 215 951; x_wconf 96' lang='lat'><strong>,</strong></span> <span class='ocrx_word' id='word_1_30' title='bbox 250 888 363 940; x_wconf 91' lang='lat' dir='ltr'><strong>contra</strong></span> <span class='ocrx_word' id='word_1_31' title='bbox 386 892 586 961; x_wconf 73' lang='lat' dir='ltr'>magnopere</span> <span class='ocrx_word' id='word_1_32' title='bbox 605 876 742 959; x_wconf 86' lang='lat' dir='ltr'><strong>probata</strong></span> <span class='ocrx_word' id='word_1_33' title='bbox 767 875 972 953; x_wconf 78' lang='lat' dir='ltr'><strong>Varroni,</strong></span> <span class='ocrx_word' id='word_1_34' title='bbox 1005 877 1062 960; x_wconf 92' lang='lat' dir='ltr'><strong>qui</strong></span> 
     </span>
     <span class='ocr_line' id='line_1_6' title="bbox 51 994 1061 1081; baseline 0.003 -23"><span class='ocrx_word' id='word_1_35' title='bbox 51 994 240 1081; x_wconf 74' lang='lat' dir='ltr'><strong>gracilitatis</strong></span> <span class='ocrx_word' id='word_1_36' title='bbox 260 996 449 1077; x_wconf 86' lang='lat' dir='ltr'><strong>exemplum</strong></span> <span class='ocrx_word' id='word_1_37' title='bbox 465 994 628 1058; x_wconf 89' lang='lat' dir='ltr'><strong>Lucilium</strong></span> <span class='ocrx_word' id='word_1_38' title='bbox 640 996 850 1078; x_wconf 79' lang='lat' dir='ltr'><strong>praedicavit.</strong></span> <span class='ocrx_word' id='word_1_39' title='bbox 876 997 968 1060; x_wconf 84' lang='lat' dir='ltr'><strong>Idem</strong></span> <span class='ocrx_word' id='word_1_40' title='bbox 983 1017 1061 1061; x_wconf 81' lang='lat' dir='ltr'><strong>vero</strong></span> 
     </span>
     <span class='ocr_line' id='line_1_7' title="bbox 52 1111 1063 1198; baseline 0.004 -24"><span class='ocrx_word' id='word_1_41' title='bbox 52 1133 112 1176; x_wconf 92' lang='lat' dir='ltr'><strong>nos</strong></span> <span class='ocrx_word' id='word_1_42' title='bbox 124 1111 254 1187; x_wconf 86' lang='lat' dir='ltr'><strong>docuit,</strong></span> <span class='ocrx_word' id='word_1_43' title='bbox 268 1114 320 1176; x_wconf 87' lang='lat' dir='ltr'><strong>vel</strong></span> <span class='ocrx_word' id='word_1_44' title='bbox 331 1132 388 1175; x_wconf 89' lang='lat' dir='ltr'><strong>sua</strong></span> <span class='ocrx_word' id='word_1_45' title='bbox 400 1124 505 1175; x_wconf 87' lang='lat' dir='ltr'><strong>aetate</strong></span> <span class='ocrx_word' id='word_1_46' title='bbox 517 1115 567 1177; x_wconf 80' lang='lat' dir='ltr'><strong>vel</strong></span> <span class='ocrx_word' id='word_1_47' title='bbox 580 1117 678 1196; x_wconf 93' lang='lat' dir='ltr'><strong>paulo</strong></span> <span class='ocrx_word' id='word_1_48' title='bbox 700 1115 881 1179; x_wconf 86' lang='lat' dir='ltr'><strong>antefuisse</strong></span> <span class='ocrx_word' id='word_1_49' title='bbox 894 1158 904 1189; x_wconf 90' lang='lat'><strong>,</strong></span> <span class='ocrx_word' id='word_1_50' title='bbox 925 1114 980 1198; x_wconf 91' lang='lat' dir='ltr'><strong>qui</strong></span> <span class='ocrx_word' id='word_1_51' title='bbox 995 1114 1063 1198; x_wconf 88' lang='lat' dir='ltr'><strong>ejus</strong></span> 
     </span>
     <span class='ocr_line' id='line_1_8' title="bbox 52 1232 1273 1327; baseline 0.002 -32"><span class='ocrx_word' id='word_1_52' title='bbox 52 1235 183 1314; x_wconf 69' lang='lat' dir='ltr'><strong>poeseos</strong></span> <span class='ocrx_word' id='word_1_53' title='bbox 195 1252 296 1317; x_wconf 73' lang='lat' dir='ltr'><strong>genus</strong></span> <span class='ocrx_word' id='word_1_54' title='bbox 317 1234 557 1308; x_wconf 80' lang='lat' dir='ltr'>aemularetur,</span> <span class='ocrx_word' id='word_1_55' title='bbox 576 1232 615 1296; x_wconf 88' lang='lat' dir='ltr'><strong>T.</strong></span> <span class='ocrx_word' id='word_1_56' title='bbox 629 1239 658 1298; x_wconf 77' lang='lat' dir='ltr'><strong>A</strong></span> <span class='ocrx_word' id='word_1_57' title='bbox 668 1237 678 1296; x_wconf 98' lang='lat' dir='ltr'><strong>l</strong></span> <span class='ocrx_word' id='word_1_58' title='bbox 688 1233 709 1296; x_wconf 93' lang='lat' dir='ltr'><strong>b</strong></span> <span class='ocrx_word' id='word_1_59' title='bbox 721 1235 789 1298; x_wconf 91' lang='lat' dir='ltr'><strong>uci</strong></span> <span class='ocrx_word' id='word_1_60' title='bbox 800 1256 821 1298; x_wconf 90' lang='lat' dir='ltr'><strong>u</strong></span> <span class='ocrx_word' id='word_1_61' title='bbox 830 1256 881 1309; x_wconf 90' lang='lat' dir='ltr'><strong>m,</strong></span> <span class='ocrx_word' id='word_1_62' title='bbox 895 1234 1063 1298; x_wconf 91' lang='lat' dir='ltr'><strong>hominem</strong></span> <span class='ocrx_word' id='word_1_63' title='bbox 1073 1257 1134 1327; x_wconf 7' lang='lat' dir='ltr'><strong>‘ante</strong></span> <span class='ocrx_word' id='word_1_64' title='bbox 1152 1247 1200 1301; x_wconf 80' lang='lat' dir='ltr'><strong>7t7</strong></span> <span class='ocrx_word' id='word_1_65' title='bbox 1218 1244 1273 1316; x_wconf 75' lang='lat'><em>(37)</em></span> 
     </span>
     <span class='ocr_line' id='line_1_9' title="bbox 52 1347 1064 1434; baseline 0.002 -21"><span class='ocrx_word' id='word_1_66' title='bbox 52 1349 203 1432; x_wconf 88' lang='lat' dir='ltr'><strong>apprime</strong></span> <span class='ocrx_word' id='word_1_67' title='bbox 235 1351 381 1413; x_wconf 88' lang='lat' dir='ltr'><strong>doctum.</strong></span> <span class='ocrx_word' id='word_1_68' title='bbox 426 1347 530 1434; x_wconf 88' lang='lat' dir='ltr'><strong>Hujus</strong></span> <span class='ocrx_word' id='word_1_69' title='bbox 555 1372 618 1414; x_wconf 89' lang='lat' dir='ltr'><strong>esse</strong></span> <span class='ocrx_word' id='word_1_70' title='bbox 641 1352 718 1416; x_wconf 90' lang='lat' dir='ltr'><strong>dicit</strong></span> <span class='ocrx_word' id='word_1_71' title='bbox 735 1351 904 1418; x_wconf 88' lang='lat' dir='ltr'><strong>Luciliano</strong></span> <span class='ocrx_word' id='word_1_72' title='bbox 934 1354 1064 1416; x_wconf 87' lang='lat' dir='ltr'><strong>charac-</strong></span> 
     </span>
     <span class='ocr_line' id='line_1_10' title="bbox 55 1466 1064 1554; baseline 0.003 -23"><span class='ocrx_word' id='word_1_73' title='bbox 55 1482 124 1537; x_wconf 83' lang='lat' dir='ltr'><strong>tere</strong></span> <span class='ocrx_word' id='word_1_74' title='bbox 148 1466 307 1530; x_wconf 72' lang='lat' dir='ltr'><strong>libellos³&#39;.</strong></span> <span class='ocrx_word' id='word_1_75' title='bbox 351 1467 504 1531; x_wconf 83' lang='lat' dir='ltr'><strong>Libellos</strong></span> <span class='ocrx_word' id='word_1_76' title='bbox 526 1490 593 1533; x_wconf 92' lang='lat' dir='ltr'><strong>non</strong></span> <span class='ocrx_word' id='word_1_77' title='bbox 617 1483 739 1534; x_wconf 88' lang='lat' dir='ltr'><strong>temere</strong></span> <span class='ocrx_word' id='word_1_78' title='bbox 751 1474 889 1535; x_wconf 80' lang='lat' dir='ltr'><strong>satiras</strong></span> <span class='ocrx_word' id='word_1_79' title='bbox 901 1471 1064 1554; x_wconf 87' lang='lat' dir='ltr'><strong>interpre-</strong></span> 
     </span>
     <span class='ocr_line' id='line_1_11' title="bbox 55 1586 1067 1668; baseline 0.003 -18"><span class='ocrx_word' id='word_1_80' title='bbox 55 1586 219 1660; x_wconf 72' lang='lat' dir='ltr'><strong>unimur,</strong></span> <span class='ocrx_word' id='word_1_81' title='bbox 241 1586 429 1668; x_wconf 87' lang='lat' dir='ltr'><strong>praesertim</strong></span> <span class='ocrx_word' id='word_1_82' title='bbox 448 1609 524 1650; x_wconf 91' lang='lat' dir='ltr'><strong>cum</strong></span> <span class='ocrx_word' id='word_1_83' title='bbox 541 1587 654 1652; x_wconf 82' lang='lat' dir='ltr'><strong>Lucilii</strong></span> <span class='ocrx_word' id='word_1_84' title='bbox 667 1591 751 1652; x_wconf 89' lang='lat' dir='ltr'><strong>facta</strong></span> <span class='ocrx_word' id='word_1_85' title='bbox 762 1589 802 1652; x_wconf 87' lang='lat' dir='ltr'><strong>sit</strong></span> <span class='ocrx_word' id='word_1_86' title='bbox 814 1588 949 1653; x_wconf 76' lang='lat' dir='ltr'><strong>mentio,</strong></span> <span class='ocrx_word' id='word_1_87' title='bbox 974 1588 1067 1653; x_wconf 71' lang='lat' dir='ltr'><strong>Clea-</strong></span> 
     </span>
     <span class='ocr_line' id='line_1_12' title="bbox 53 1703 1066 1770; baseline 0.002 -2"><span class='ocrx_word' id='word_1_88' title='bbox 53 1716 224 1768; x_wconf 82' lang='lat' dir='ltr'><strong>racterem</strong></span> <span class='ocrx_word' id='word_1_89' title='bbox 256 1723 331 1769; x_wconf 80' lang='lat' dir='ltr'><strong>tero</strong></span> <span class='ocrx_word' id='word_1_90' title='bbox 363 1703 569 1768; x_wconf 85' lang='lat' dir='ltr'><strong>Lucilianum</strong></span> <span class='ocrx_word' id='word_1_91' title='bbox 597 1708 778 1770; x_wconf 83' lang='lat' dir='ltr'><strong>cavendum</strong></span> <span class='ocrx_word' id='word_1_92' title='bbox 800 1728 841 1770; x_wconf 88' lang='lat' dir='ltr'><strong>ne</strong></span> <span class='ocrx_word' id='word_1_93' title='bbox 861 1728 938 1770; x_wconf 91' lang='lat' dir='ltr'><strong>cum</strong></span> <span class='ocrx_word' id='word_1_94' title='bbox 955 1705 1066 1770; x_wconf 90' lang='lat' dir='ltr'><strong>multis</strong></span> 
     </span>
     <span class='ocr_line' id='line_1_13' title="bbox 55 1822 1068 1889; baseline 0.002 -2"><span class='ocrx_word' id='word_1_95' title='bbox 55 1823 276 1888; x_wconf 74' lang='lat' dir='ltr'><strong>existimemus</strong></span> <span class='ocrx_word' id='word_1_96' title='bbox 306 1822 370 1887; x_wconf 88' lang='lat' dir='ltr'><strong>stili</strong></span> <span class='ocrx_word' id='word_1_97' title='bbox 402 1823 623 1888; x_wconf 80' lang='lat' dir='ltr'><strong>acerbitatem.</strong></span> <span class='ocrx_word' id='word_1_98' title='bbox 655 1822 740 1888; x_wconf 86' lang='lat' dir='ltr'><strong>Nam</strong></span> <span class='ocrx_word' id='word_1_99' title='bbox 764 1825 887 1888; x_wconf 91' lang='lat' dir='ltr'><strong>etiamsi</strong></span> <span class='ocrx_word' id='word_1_100' title='bbox 910 1826 993 1889; x_wconf 91' lang='lat' dir='ltr'><strong>hanc</strong></span> <span class='ocrx_word' id='word_1_101' title='bbox 1014 1847 1068 1889; x_wconf 87' lang='lat' dir='ltr'><strong>sa-</strong></span> 
     </span>
     <span class='ocr_line' id='line_1_14' title="bbox 55 1940 1069 2029; baseline 0.001 -22"><span class='ocrx_word' id='word_1_102' title='bbox 55 1943 138 2008; x_wconf 92' lang='lat' dir='ltr'><strong>tirae</strong></span> <span class='ocrx_word' id='word_1_103' title='bbox 161 1940 346 2006; x_wconf 83' lang='lat' dir='ltr'><strong>Lucilianae</strong></span> <span class='ocrx_word' id='word_1_104' title='bbox 381 1943 551 2026; x_wconf 77' lang='lat' dir='ltr'><strong>propriam</strong></span> <span class='ocrx_word' id='word_1_105' title='bbox 576 1957 674 2026; x_wconf 86' lang='lat' dir='ltr'><strong>atque</strong></span> <span class='ocrx_word' id='word_1_106' title='bbox 694 1944 854 2029; x_wconf 73' lang='lat' dir='ltr'><strong>insignem</strong></span> <span class='ocrx_word' id='word_1_107' title='bbox 878 1945 972 2008; x_wconf 85' lang='lat' dir='ltr'><strong>luisse</strong></span> <span class='ocrx_word' id='word_1_108' title='bbox 1005 1947 1069 2008; x_wconf 89' lang='lat' dir='ltr'><strong>do·</strong></span> 
     </span>
     <span class='ocr_line' id='line_1_15' title="bbox 56 2061 1070 2146; baseline 0.003 -21"><span class='ocrx_word' id='word_1_109' title='bbox 56 2072 126 2126; x_wconf 88' lang='lat' dir='ltr'><strong>tem</strong></span> <span class='ocrx_word' id='word_1_110' title='bbox 150 2062 321 2125; x_wconf 84' lang='lat' dir='ltr'><strong>fatendum</strong></span> <span class='ocrx_word' id='word_1_111' title='bbox 342 2061 400 2137; x_wconf 90' lang='lat' dir='ltr'><strong>sit,</strong></span> <span class='ocrx_word' id='word_1_112' title='bbox 427 2075 537 2126; x_wconf 84' lang='lat' dir='ltr'><strong>tamen</strong></span> <span class='ocrx_word' id='word_1_113' title='bbox 562 2065 649 2146; x_wconf 91' lang='lat' dir='ltr'><strong>apud</strong></span> <span class='ocrx_word' id='word_1_114' title='bbox 672 2062 854 2128; x_wconf 84' lang='lat' dir='ltr'><strong>Varronem</strong></span> <span class='ocrx_word' id='word_1_115' title='bbox 872 2063 1070 2128; x_wconf 88' lang='lat' dir='ltr'><strong>hauddubie</strong></span> 
     </span>
     <span class='ocr_line' id='line_1_16' title="bbox 56 2179 1070 2272; baseline 0.001 -26"><span class='ocrx_word' id='word_1_116' title='bbox 56 2185 96 2246; x_wconf 93' lang='lat' dir='ltr'><strong>de</strong></span> <span class='ocrx_word' id='word_1_117' title='bbox 132 2183 246 2248; x_wconf 88' lang='lat' dir='ltr'><strong>forma.</strong></span> <span class='ocrx_word' id='word_1_118' title='bbox 269 2179 496 2262; x_wconf 89' lang='lat' dir='ltr'><strong>accipiendum</strong></span> <span class='ocrx_word' id='word_1_119' title='bbox 523 2194 586 2256; x_wconf 90' lang='lat' dir='ltr'><strong>est,</strong></span> <span class='ocrx_word' id='word_1_120' title='bbox 624 2195 661 2246; x_wconf 93' lang='lat' dir='ltr'><strong>ut</strong></span> <span class='ocrx_word' id='word_1_121' title='bbox 694 2181 872 2248; x_wconf 87' lang='lat' dir='ltr'><strong>Albucium</strong></span> <span class='ocrx_word' id='word_1_122' title='bbox 894 2183 1070 2272; x_wconf 75' lang='lat' dir='ltr'><strong>gracilem</strong></span> 
     </span>
     <span class='ocr_line' id='line_1_17' title="bbox 57 2296 1070 2383; baseline 0 -16"><span class='ocrx_word' id='word_1_123' title='bbox 57 2299 251 2383; x_wconf 89' lang='lat' dir='ltr'><strong>scriptorem</strong></span> <span class='ocrx_word' id='word_1_124' title='bbox 276 2296 507 2383; x_wconf 80' lang='lat' dir='ltr'><strong>appellaverit,</strong></span> <span class='ocrx_word' id='word_1_125' title='bbox 538 2300 653 2364; x_wconf 88' lang='lat' dir='ltr'><strong>Lucilii</strong></span> <span class='ocrx_word' id='word_1_126' title='bbox 674 2305 762 2366; x_wconf 91' lang='lat' dir='ltr'><strong>baud</strong></span> <span class='ocrx_word' id='word_1_127' title='bbox 779 2301 978 2369; x_wconf 79' lang='lat' dir='ltr'><strong>dissimilem.</strong></span> <span class='ocrx_word' id='word_1_128' title='bbox 1007 2301 1070 2367; x_wconf 90' lang='lat' dir='ltr'><strong>Ne-</strong></span> 
     </span>
     <span class='ocr_line' id='line_1_18' title="bbox 58 2416 1071 2504; baseline 0.004 -22"><span class='ocrx_word' id='word_1_129' title='bbox 58 2440 122 2504; x_wconf 90' lang='lat' dir='ltr'><strong>que</strong></span> <span class='ocrx_word' id='word_1_130' title='bbox 152 2431 224 2502; x_wconf 90' lang='lat' dir='ltr'><strong>post</strong></span> <span class='ocrx_word' id='word_1_131' title='bbox 255 2416 437 2482; x_wconf 87' lang='lat' dir='ltr'><strong>Varronem</strong></span> <span class='ocrx_word' id='word_1_132' title='bbox 462 2419 624 2483; x_wconf 70' lang='lat' dir='ltr'><strong>deferbuit</strong></span> <span class='ocrx_word' id='word_1_133' title='bbox 647 2424 763 2504; x_wconf 81' lang='lat' dir='ltr'><strong>poe&#39;tae</strong></span> <span class='ocrx_word' id='word_1_134' title='bbox 792 2420 982 2497; x_wconf 90' lang='lat' dir='ltr'><strong>admirati0,</strong></span> <span class='ocrx_word' id='word_1_135' title='bbox 1015 2424 1071 2486; x_wconf 90' lang='lat' dir='ltr'><strong>sed</strong></span> 
     </span>
     <span class='ocr_line' id='line_1_19' title="bbox 60 2537 1072 2624; baseline 0.002 -22"><span class='ocrx_word' id='word_1_136' title='bbox 60 2538 145 2602; x_wconf 85' lang='lat' dir='ltr'><strong>mire</strong></span> <span class='ocrx_word' id='word_1_137' title='bbox 170 2540 266 2602; x_wconf 83' lang='lat' dir='ltr'><strong>aucta</strong></span> <span class='ocrx_word' id='word_1_138' title='bbox 289 2551 347 2606; x_wconf 80' lang='lat' dir='ltr'><strong>est.</strong></span> <span class='ocrx_word' id='word_1_139' title='bbox 360 2537 459 2602; x_wconf 88' lang='lat' dir='ltr'><strong>Testis</strong></span> <span class='ocrx_word' id='word_1_140' title='bbox 479 2552 526 2601; x_wconf 89' lang='lat' dir='ltr'><strong>est</strong></span> <span class='ocrx_word' id='word_1_141' title='bbox 548 2539 783 2616; x_wconf 81' lang='lat' dir='ltr'><strong>Horatius,</strong></span> <span class='ocrx_word' id='word_1_142' title='bbox 806 2540 972 2624; x_wconf 76' lang='lat' dir='ltr'><strong>Augusteo</strong></span> <span class='ocrx_word' id='word_1_143' title='bbox 992 2560 1072 2604; x_wconf 88' lang='lat' dir='ltr'><strong>aevo</strong></span> 
     </span>
     <span class='ocr_line' id='line_1_20' title="bbox 58 2650 1072 2741; baseline 0 -20"><span class='ocrx_word' id='word_1_144' title='bbox 58 2657 204 2721; x_wconf 85' lang='lat' dir='ltr'><strong>maxime</strong></span> <span class='ocrx_word' id='word_1_145' title='bbox 227 2655 409 2720; x_wconf 87' lang='lat' dir='ltr'><strong>inclaruisse</strong></span> <span class='ocrx_word' id='word_1_146' title='bbox 440 2650 558 2720; x_wconf 87' lang='lat' dir='ltr'><strong>Lucilii</strong></span> <span class='ocrx_word' id='word_1_147' title='bbox 580 2678 702 2719; x_wconf 90' lang='lat' dir='ltr'><strong>nomen</strong></span> <span class='ocrx_word' id='word_1_148' title='bbox 732 2669 764 2720; x_wconf 92' lang='lat' dir='ltr'><strong>et</strong></span> <span class='ocrx_word' id='word_1_149' title='bbox 787 2656 973 2721; x_wconf 91' lang='lat' dir='ltr'><strong>incredibile</strong></span> <span class='ocrx_word' id='word_1_150' title='bbox 1004 2658 1072 2741; x_wconf 90' lang='lat' dir='ltr'><strong>ejus</strong></span> 
     </span>
     <span class='ocr_line' id='line_1_21' title="bbox 58 2772 1072 2859; baseline -0.005 -16"><span class='ocrx_word' id='word_1_151' title='bbox 58 2776 206 2843; x_wconf 89' lang='lat' dir='ltr'><strong>studium</strong></span> <span class='ocrx_word' id='word_1_152' title='bbox 227 2774 379 2839; x_wconf 80' lang='lat' dir='ltr'><strong>exstitisse</strong></span> <span class='ocrx_word' id='word_1_153' title='bbox 401 2778 489 2858; x_wconf 93' lang='lat' dir='ltr'><strong>apud</strong></span> <span class='ocrx_word' id='word_1_154' title='bbox 510 2778 667 2859; x_wconf 87' lang='lat' dir='ltr'><strong>aequales.</strong></span> <span class='ocrx_word' id='word_1_155' title='bbox 686 2772 784 2859; x_wconf 87' lang='lat' dir='ltr'><strong>Quod</strong></span> <span class='ocrx_word' id='word_1_156' title='bbox 804 2796 871 2839; x_wconf 87' lang='lat' dir='ltr'><strong>non</strong></span> <span class='ocrx_word' id='word_1_157' title='bbox 892 2778 999 2840; x_wconf 91' lang='lat' dir='ltr'><strong>solum</strong></span> <span class='ocrx_word' id='word_1_158' title='bbox 1022 2775 1072 2838; x_wconf 89' lang='lat' dir='ltr'><strong>in·</strong></span> 
     </span>
     <span class='ocr_line' id='line_1_22' title="bbox 59 2894 1072 2980; baseline -0.002 -20"><span class='ocrx_word' id='word_1_159' title='bbox 59 2897 100 2960; x_wconf 92' lang='lat' dir='ltr'><strong>de</strong></span> <span class='ocrx_word' id='word_1_160' title='bbox 124 2894 341 2980; x_wconf 77' lang='lat' dir='ltr'><strong>intelligitur,</strong></span> <span class='ocrx_word' id='word_1_161' title='bbox 365 2895 455 2979; x_wconf 92' lang='lat' dir='ltr'><strong>quod</strong></span> <span class='ocrx_word' id='word_1_162' title='bbox 476 2894 596 2958; x_wconf 87' lang='lat' dir='ltr'><strong>scribat</strong></span> <span class='ocrx_word' id='word_1_163' title='bbox 622 2914 689 2958; x_wconf 92' lang='lat' dir='ltr'><strong>non</strong></span> <span class='ocrx_word' id='word_1_164' title='bbox 717 2896 836 2958; x_wconf 88' lang='lat' dir='ltr'><strong>audere</strong></span> <span class='ocrx_word' id='word_1_165' title='bbox 854 2916 887 2959; x_wconf 92' lang='lat' dir='ltr'><strong>se</strong></span> <span class='ocrx_word' id='word_1_166' title='bbox 918 2915 1072 2959; x_wconf 90' lang='lat' dir='ltr'><strong>coronam</strong></span> 
     </span>
     <span class='ocr_line' id='line_1_23' title="bbox 59 3012 1073 3098; baseline -0.001 -19"><span class='ocrx_word' id='word_1_167' title='bbox 59 3014 159 3098; x_wconf 90' lang='lat' dir='ltr'><strong>capiti</strong></span> <span class='ocrx_word' id='word_1_168' title='bbox 189 3015 256 3097; x_wconf 89' lang='lat' dir='ltr'><strong>ejus</strong></span> <span class='ocrx_word' id='word_1_169' title='bbox 288 3012 403 3076; x_wconf 82' lang='lat' dir='ltr'><strong>multu</strong></span> <span class='ocrx_word' id='word_1_170' title='bbox 438 3035 515 3076; x_wconf 82' lang='lat' dir='ltr'><strong>cum</strong></span> <span class='ocrx_word' id='word_1_171' title='bbox 542 3012 641 3076; x_wconf 79' lang='lat' dir='ltr'><strong>laude</strong></span> <span class='ocrx_word' id='word_1_172' title='bbox 663 3014 855 3078; x_wconf 78' lang='lat' dir='ltr'><strong>hoerentem</strong></span> <span class='ocrx_word' id='word_1_173' title='bbox 884 3016 1073 3090; x_wconf 88' lang='lat' dir='ltr'><strong>detrahere,</strong></span> 
     </span>
     <span class='ocr_line' id='line_1_24' title="bbox 61 3129 1074 3218; baseline 0 -19"><span class='ocrx_word' id='word_1_174' title='bbox 61 3155 179 3199; x_wconf 84' lang='lat' dir='ltr'><strong>verum</strong></span> <span class='ocrx_word' id='word_1_175' title='bbox 214 3133 312 3197; x_wconf 91' lang='lat' dir='ltr'><strong>etiam</strong></span> <span class='ocrx_word' id='word_1_176' title='bbox 347 3155 387 3196; x_wconf 85' lang='lat' dir='ltr'><strong>ex</strong></span> <span class='ocrx_word' id='word_1_177' title='bbox 413 3129 555 3212; x_wconf 85' lang='lat' dir='ltr'><strong>invidia,</strong></span> <span class='ocrx_word' id='word_1_178' title='bbox 582 3155 682 3217; x_wconf 90' lang='lat' dir='ltr'><strong>quam</strong></span> <span class='ocrx_word' id='word_1_179' title='bbox 704 3133 778 3197; x_wconf 91' lang='lat' dir='ltr'><strong>inde</strong></span> <span class='ocrx_word' id='word_1_180' title='bbox 804 3134 964 3216; x_wconf 89' lang='lat' dir='ltr'><strong>suscepit,</strong></span> <span class='ocrx_word' id='word_1_181' title='bbox 985 3136 1074 3218; x_wconf 91' lang='lat' dir='ltr'><strong>quod</strong></span> 
     </span>
     <span class='ocr_line' id='line_1_25' title="bbox 61 3251 1073 3335; baseline -0.001 -18"><span class='ocrx_word' id='word_1_182' title='bbox 61 3253 256 3317; x_wconf 88' lang='lat' dir='ltr'><strong>obtrectasse</strong></span> <span class='ocrx_word' id='word_1_183' title='bbox 276 3251 399 3314; x_wconf 88' lang='lat' dir='ltr'><strong>summi</strong></span> <span class='ocrx_word' id='word_1_184' title='bbox 430 3257 544 3335; x_wconf 83' lang='lat' dir='ltr'><strong>poe&#39;tae</strong></span> <span class='ocrx_word' id='word_1_185' title='bbox 576 3251 740 3327; x_wconf 90' lang='lat' dir='ltr'><strong>laudibus,</strong></span> <span class='ocrx_word' id='word_1_186' title='bbox 766 3263 803 3316; x_wconf 90' lang='lat' dir='ltr'><strong>ut</strong></span> <span class='ocrx_word' id='word_1_187' title='bbox 825 3273 898 3316; x_wconf 89' lang='lat' dir='ltr'><strong>suas</strong></span> <span class='ocrx_word' id='word_1_188' title='bbox 923 3255 1073 3327; x_wconf 85' lang='lat' dir='ltr'><strong>tolleret,</strong></span> 
     </span>
     <span class='ocr_line' id='line_1_26' title="bbox 61 3367 1074 3455; baseline -0.004 -18"><span class='ocrx_word' id='word_1_189' title='bbox 61 3372 239 3437; x_wconf 82' lang='lat' dir='ltr'><strong>videretur.</strong></span> <span class='ocrx_word' id='word_1_190' title='bbox 281 3367 344 3434; x_wconf 87' lang='lat' dir='ltr'><strong>Sed</strong></span> <span class='ocrx_word' id='word_1_191' title='bbox 368 3371 517 3435; x_wconf 92' lang='lat' dir='ltr'><strong>omnium</strong></span> <span class='ocrx_word' id='word_1_192' title='bbox 535 3368 816 3446; x_wconf 84' lang='lat' dir='ltr'><strong>manifestissime,</strong></span> <span class='ocrx_word' id='word_1_193' title='bbox 836 3391 903 3455; x_wconf 90' lang='lat' dir='ltr'><strong>quo</strong></span> <span class='ocrx_word' id='word_1_194' title='bbox 923 3369 1074 3452; x_wconf 88' lang='lat' dir='ltr'><strong>populari</strong></span> 
     </span>
     <span class='ocr_line' id='line_1_27' title="bbox 62 3488 1074 3573; baseline 0 -19"><span class='ocrx_word' id='word_1_195' title='bbox 62 3493 189 3557; x_wconf 90' lang='lat' dir='ltr'><strong>honore</strong></span> <span class='ocrx_word' id='word_1_196' title='bbox 210 3504 243 3554; x_wconf 89' lang='lat' dir='ltr'><strong>et</strong></span> <span class='ocrx_word' id='word_1_197' title='bbox 255 3492 349 3554; x_wconf 94' lang='lat' dir='ltr'><strong>laude</strong></span> <span class='ocrx_word' id='word_1_198' title='bbox 367 3502 447 3554; x_wconf 90' lang='lat' dir='ltr'><strong>tunc</strong></span> <span class='ocrx_word' id='word_1_199' title='bbox 463 3492 628 3554; x_wconf 88' lang='lat' dir='ltr'><strong>ferrentur</strong></span> <span class='ocrx_word' id='word_1_200' title='bbox 646 3488 761 3552; x_wconf 88' lang='lat' dir='ltr'><strong>Lucilii</strong></span> <span class='ocrx_word' id='word_1_201' title='bbox 782 3488 951 3564; x_wconf 88' lang='lat' dir='ltr'><strong>carmina,</strong></span> <span class='ocrx_word' id='word_1_202' title='bbox 972 3510 1074 3573; x_wconf 89' lang='lat' dir='ltr'><strong>quam</strong></span> 
     </span>
     <span class='ocr_line' id='line_1_28' title="bbox 62 3606 1075 3692; baseline -0.004 -16"><span class='ocrx_word' id='word_1_203' title='bbox 62 3608 248 3676; x_wconf 81' lang='lat' dir='ltr'><strong>venerabile</strong></span> <span class='ocrx_word' id='word_1_204' title='bbox 277 3628 398 3672; x_wconf 90' lang='lat' dir='ltr'><strong>nomen</strong></span> <span class='ocrx_word' id='word_1_205' title='bbox 430 3609 516 3692; x_wconf 90' lang='lat' dir='ltr'><strong>ejus,</strong></span> <span class='ocrx_word' id='word_1_206' title='bbox 543 3629 644 3692; x_wconf 89' lang='lat' dir='ltr'><strong>quam</strong></span> <span class='ocrx_word' id='word_1_207' title='bbox 665 3617 814 3672; x_wconf 86' lang='lat' dir='ltr'><strong>sanetum</strong></span> <span class='ocrx_word' id='word_1_208' title='bbox 834 3619 866 3671; x_wconf 90' lang='lat' dir='ltr'><strong>et</strong></span> <span class='ocrx_word' id='word_1_209' title='bbox 890 3606 1075 3673; x_wconf 87' lang='lat' dir='ltr'><strong>inviolabile</strong></span> 
     </span>
    </p>
   </div>
   <div class='ocr_carea' id='block_1_3' title="bbox 63 3713 1076 3812">
    <p class='ocr_par' dir='ltr' id='par_1_3' title="bbox 63 3713 1076 3812">
     <span class='ocr_line' id='line_1_29' title="bbox 63 3713 1076 3812; baseline 0 -20"><span class='ocrx_word' id='word_1_210' title='bbox 63 3729 260 3803; x_wconf 88' lang='lat' dir='ltr'><strong>baberetur,</strong></span> <span class='ocrx_word' id='word_1_211' title='bbox 284 3727 419 3792; x_wconf 90' lang='lat' dir='ltr'><strong>efficitur</strong></span> <span class='ocrx_word' id='word_1_212' title='bbox 432 3749 471 3791; x_wconf 84' lang='lat' dir='ltr'><strong>ex</strong></span> <span class='ocrx_word' id='word_1_213' title='bbox 489 3727 526 3791; x_wconf 90' lang='lat' dir='ltr'><strong>iis</strong></span> <span class='ocrx_word' id='word_1_214' title='bbox 535 3726 677 3792; x_wconf 88' lang='lat' dir='ltr'><strong>versibus</strong></span> <span class='ocrx_word' id='word_1_215' title='bbox 690 3727 767 3812; x_wconf 89' lang='lat' dir='ltr'><strong>qui,</strong></span> <span class='ocrx_word' id='word_1_216' title='bbox 786 3725 909 3792; x_wconf 89' lang='lat' dir='ltr'><strong>etiamsi</strong></span> <span class='ocrx_word' id='word_1_217' title='bbox 923 3713 1076 3792; x_wconf 83' lang='lat' dir='ltr'><strong>Horatia·</strong></span> 
     </span>
    </p>
   </div>
   <div class='ocr_carea' id='block_1_4' title="bbox 68 3878 303 3894">
    <p class='ocr_par' dir='ltr' id='par_1_4' title="bbox 68 3878 303 3894">
     <span class='ocr_line' id='line_1_30' title="bbox 68 3878 303 3894; baseline -0.009 -3"><span class='ocrx_word' id='word_1_218' title='bbox 68 3878 303 3894; x_wconf 52' lang='grc' dir='ltr'><strong>μ...-</strong></span> 
     </span>
    </p>
   </div>
   <div class='ocr_carea' id='block_1_5' title="bbox 100 3955 565 4116">
    <p class='ocr_par' dir='ltr' id='par_1_5' title="bbox 100 3955 565 4116">
     <span class='ocr_line' id='line_1_31' title="bbox 100 3955 565 4025; baseline -0.006 -14"><span class='ocrx_word' id='word_1_219' title='bbox 100 3973 114 4011; x_wconf 87' lang='grc' dir='ltr'>ι</span> <span class='ocrx_word' id='word_1_220' title='bbox 154 3955 205 4019; x_wconf 92' lang='lat' dir='ltr'><strong>ll,</strong></span> <span class='ocrx_word' id='word_1_221' title='bbox 225 3973 252 4025; x_wconf 87' lang='lat'><strong>9.</strong></span> <span class='ocrx_word' id='word_1_222' title='bbox 277 3955 321 4010; x_wconf 83' lang='lat' dir='ltr'><strong>ef.</strong></span> <span class='ocrx_word' id='word_1_223' title='bbox 340 3972 401 4021; x_wconf 88' lang='lat' dir='ltr'><strong>sup.</strong></span> <span class='ocrx_word' id='word_1_224' title='bbox 417 3972 445 4021; x_wconf 80' lang='lat' dir='ltr'><strong>p·</strong></span> <span class='ocrx_word' id='word_1_225' title='bbox 468 3955 520 4018; x_wconf 76' lang='lat'><strong>18,</strong></span> <span class='ocrx_word' id='word_1_226' title='bbox 541 3973 565 4008; x_wconf 78' lang='lat' dir='ltr'><strong>a.</strong></span> 
     </span>
     <span class='ocr_line' id='line_1_32' title="bbox 101 4051 388 4116; baseline -0.01 -7"><span class='ocrx_word' id='word_1_227' title='bbox 101 4074 118 4109; x_wconf 70' lang='grc' dir='ltr'>α</span> <span class='ocrx_word' id='word_1_228' title='bbox 153 4051 267 4116; x_wconf 78' lang='lat' dir='ltr'><strong>XVII,</strong></span> <span class='ocrx_word' id='word_1_229' title='bbox 287 4068 317 4107; x_wconf 85' lang='lat'><strong>21</strong></span> <span class='ocrx_word' id='word_1_230' title='bbox 338 4051 388 4106; x_wconf 81' lang='lat' dir='ltr'><strong>fin·</strong></span> 
     </span>
    </p>
   </div>
   <div class='ocr_carea' id='block_1_6' title="bbox 98 4149 504 4217">
    <p class='ocr_par' dir='ltr' id='par_1_6' title="bbox 98 4149 504 4217">
     <span class='ocr_line' id='line_1_33' title="bbox 98 4149 504 4217; baseline -0.007 -13"><span class='ocrx_word' id='word_1_231' title='bbox 98 4151 119 4204; x_wconf 73' lang='grc' dir='ltr'><strong>ὅ</strong></span> <span class='ocrx_word' id='word_1_232' title='bbox 153 4149 504 4217; x_wconf 72' lang='lat' dir='ltr'><strong>DeR‚1s.111,2,17.</strong></span> 
     </span>
    </p>
   </div>
   <div class='ocr_carea' id='block_1_7' title="bbox 0 0 1310 4756">
    <p class='ocr_par' dir='ltr' id='par_1_7' title="bbox 0 0 1310 4756">
     <span class='ocr_line' id='line_1_34' title="bbox 0 0 1310 4756; baseline 0 0"><span class='ocrx_word' id='word_1_233' title='bbox 0 0 1310 4756; x_wconf 95' lang='lat' dir='ltr'><strong> </strong></span> 
     </span>
    </p>
   </div>
  </div>
 </body>
</html>
