2580 4756
622 400 682 462 tot

147 581 183 643 τὸ
208 582 364 660 τοιοῦτον,
399 582 451 658 τῆς
468 578 579 650 νυκτὸς
608 580 786 661 innocuis
802 581 1031 643 πεντακόσιαιῒ.
1066 578 1153 664 Quid

145 717 225 763 rero
241 697 322 759 illud
338 694 395 769 sit,
424 697 512 780 quod
532 693 675 759 Lucilius
695 699 800 759 fertur
818 709 919 760 stane
936 695 1019 783 pede
1036 701 1154 762 inuno

146 835 255 881 remus
280 815 414 890 fudisse,
437 834 504 878 nou
522 813 653 878 assecuti
679 813 869 897 interpretes
893 813 1063 879 videntur.
1089 816 1153 881 Re·

145 937 259 999 ferunt
282 933 371 998 enim
401 935 441 998 ad
468 933 689 1009 celeritatem,
718 932 952 999 l'estinantiuse
975 935 1156 1012 verborum¹

143 1053 249 1137 specie
282 1052 451 1137 sapientes.
495 1051 609 1116 Malim
633 1052 788 1138 ambigue
811 1055 937 1118 dictum
962 1057 1084 1119 referre
1112 1057 1154 1119 ad

143 1187 342 1257 perpetuum
360 1174 504 1257 ejusdem
524 1172 621 1236 metri
645 1194 741 1236 usum
762 1172 783 1240 i.
797 1194 826 1238 e.
840 1175 1038 1250 hexametri,
1052 1196 1163 1259 quem·

142 1293 316 1376 praecipue
329 1292 364 1354 in
376 1288 577 1356 carminibus
586 1291 767 1356 adhibuisse
779 1289 1047 1378 licentissimeque
1060 1315 1154 1358 usur·

141 1433 233 1494 passe
249 1410 414 1475 Lucilium
433 1413 618 1496 fragmenta
628 1412 755 1475 docent.
779 1409 846 1476 Nec
865 1412 1152 1497 temereeqrridem

141 1531 186 1595 ab
218 1530 278 1594 illis
306 1527 467 1595 dissentio.
512 1525 616 1605 Nam,
652 1532 829 1595 decadem
854 1551 1024 1618 reagere,
1052 1531 1153 1620 pedes

144 1672 243 1713 senos
266 1649 289 1714 i.
304 1670 332 1715 e.
356 1650 586 1712 hexametrum
608 1649 846 1732 memoravit2.

185 1766 259 1831 Non
289 1767 413 1830 mirum
444 1765 545 1851 igitur
568 1779 703 1850 propter
721 1766 930 1830 festinationis
953 1780 986 1830 et
1010 1766 1153 1833 incuriae

141 1886 261 1952 vitium
298 1885 398 1950 etiam
417 1885 678 1972 garrulitatem
699 1885 734 1947 in
755 1884 880 1948 Lucilio
900 1883 1072 1950 Horatium
1096 1908 1156 1951 re·¹

139 2003 368 2089 prehendisse,
403 2005 443 2067 de
465 2023 531 2088 qua
565 2023 648 2066 num
672 2002 893 2068 dubitabimus
910 2001 1151 2088 Quintilianum

139 2124 302 2188 dicentem
317 2122 479 2207 probare:
517 2117 786 2204 «Extemporalis
808 2122 979 2208 garrulitas
992 2169 1008 2199 ,.
1024 2145 1154 2188 necex·

137 2255 284 2326 spectata·
301 2241 474 2328 cogitatio,
497 2252 531 2304 et
555 2240 607 2305 vix
628 2242 781 2327 surgendi
804 2242 1151 2317 moru,.circulatoriae

135 2361 318 2448 jactationis
339 2372 385 2424 est
397 2359 424 2424 3.
438 2379 457 2420 u
503 2359 651 2424 Profecto
664 2358 803 2446 dignum
821 2361 938 2425 vitium
960 2374 1047 2438 erat,
1061 2366 1151 2446 quod

137 2479 370 2564 perstringeret
392 2481 509 2560 potita,
533 2477 590 2561 qui
602 2477 777 2541 rectissime
799 2489 995 2553 statueret«
1008 2479 1151 2545 brevita-

137 2611 171 2662 te
202 2619 266 2661 esse
297 2616 401 2678 opus,
436 2609 474 2659 ut
506 2608 616 2660 currat
641 2595 820 2671 sententia,
850 2618 914 2660 neu
936 2619 970 2662 se
990 2597 1149 2680 impediat

136 2713 243 2780 verbis
274 2715 365 2779 lassas
385 2713 593 2778 onerantibus
617 2735 708 2778 aures
722 2711 778 2777 4.»
807 2713 916 2798 Atque
934 2715 1011 2779 hinc
1033 2729 1148 2799 sponte

134 2836 178 2900 ad
196 2835 333 2899 tertium
353 2833 471 2900 vitium
491 2834 694 2910 accedimus3
723 2855 801 2897 nam
812 2832 929 2920 fluere
954 2835 1147 2900 lutulentus

133 2953 345 3038 perhibetur,
376 2966 475 3036 atque
496 2975 560 3017 esse
581 2952 615 3015 in
631 2953 776 3017 carmine
799 2956 888 3038 quod
905 2957 1018 3018 tollere
1035 2956 1141 3021 velles.

136 3073 253 3156 Itaque
278 3093 345 3136 non
365 3071 542 3136 currebant
561 3070 662 3136 libere
672 3072 870 3149 sententiae,
899 3075 955 3137 sed
977 3096 1010 3138 se
1035 3074 1144 3157 impe-

132 3191 268 3256 diebant
289 3189 394 3255 verbis
417 3189 675 3256 redundantibus
693 3202 725 3254 et
748 3191 891 3256 versibus
907 3192 1037 3257 scabris.
1074 3193 1144 3259 Hoc

131 3307 294 3396 judicium
320 3309 498 3396 aegerrime
518 3308 626 3373 tulisse
646 3307 762 3372 Lucilii
788 3313 932 3374 fautores
954 3309 1142 3379 indeeffici—

132 3444 210 3505 tur,
238 3431 326 3515 quod
350 3427 445 3494 rediit
469 3427 584 3492 deinde
607 3430 722 3493 eodem
745 3427 914 3494 Horatius:

168 3852 179 3890 ι
217 3836 535 3890 Ρὶιιῐ.οἰσ.νὶ1.4οι

165 3955 183 3990 2
222 3936 284 3985 Sar.
304 3932 328 3995 l,
349 3927 456 3996 10,58.
496 3937 516 3986 Ι
525 3934 545 3984 sl
553 3951 603 3985 em
621 3931 743 3996 eod..,ll,
765 3949 790 3996 1,
810 3935 860 3986 28..

165 4030 182 4082 ὅ
217 4033 293 4082 Iust.
314 4027 455 4092 Oreall,
475 4030 505 4089 d,

164 4127 182 4181 4
221 4127 439 4199 Sar.l,1o,9.
