2580 4756
690 333 733 397 58

219 512 364 577 Tantum
380 509 483 596 igitur
503 521 636 587 constat,
651 508 815 575 Lucilium
826 512 1105 598 scripturoriom
1116 511 1226 578 fuisse.

220 628 496 696 Animadversum
527 640 591 704 est,
615 650 787 713 perperam
807 630 950 696 Dousam
978 630 1122 696 attulisse
1137 632 1226 698 Var-

120 741 122 744 ’
219 747 308 812 ronis
344 747 460 812 verba:
488 741 582 811 Nom
613 748 646 810 ie
671 751 844 836 magister
867 748 904 814 C.
927 748 1066 814 Lucilii
1093 749 1226 838 Hipri,

217 869 341 955 generi
362 869 435 940 tui,
460 865 561 952 cujus
580 866 712 930 nobiles
726 869 915 953 pecuariae
936 871 977 932 in
993 866 1142 934 Bruttis
1160 869 1227 935 lca·

221 985 394 1063 tentum,
427 998 460 1049 et
494 984 635 1070 Locoeji
657 985 767 1050 Hirri
783 988 958 1073 legendum
981 1009 1054 1052 esse.
1100 985 1226 1073 Quam-

219 1127 320 1190 quam
352 1103 495 1169 dubitari
524 1125 590 1168 non
612 1117 717 1188 potest
739 1105 902 1169 Lucilium
927 1126 1039 1192 greges
1065 1106 1225 1173 habuisse.

216 1223 327 1309 Atque
347 1220 541 1311 intelligitur
561 1245 601 1287 ex
626 1226 699 1289 loco
723 1223 886 1290 Ciceronis
913 1246 1011 1309 supra
1030 1239 1226 1304 memorato,

220 1341 403 1428 publicanis
448 1340 627 1426 scripturae
657 1341 901 1408 immunitatem
942 1364 1126 1408 concessam
1160 1365 1227 1410 non

219 1462 337 1538 fuisse,
367 1463 423 1526 sed
452 1463 565 1531 eodem
598 1462 695 1546 jure,
718 1483 785 1546 quo
799 1459 918 1546 privati
942 1461 1144 1538 utebantur,
1167 1465 1227 1528 ad-

216 1577 336 1666 stringi
361 1577 444 1646 risos
468 1600 543 1644 esse.
590 1578 666 1646 Asia
699 1592 809 1645 autem
846 1580 964 1657 minor,
982 1602 1078 1666 quae,
1096 1594 1226 1665 praeter

219 1696 471 1762 meridionalem
490 1709 641 1780 partem,
669 1696 823 1775 Pontum,
845 1697 1086 1783 Cappadociam
1106 1713 1140 1764 et
1162 1699 1226 1764 Ga·

220 1818 345 1895 latiam,
358 1815 462 1882 Attali
478 1814 675 1881 haereditate
695 1817 863 1900 provincia
886 1817 1036 1882 Romana
1061 1821 1227 1883 sactaerat

221 1938 287 2000 624
313 1934 431 2025 (130),
455 1933 600 2000 maxime
622 1936 732 2020 opima
754 1947 824 2000 erat
846 1936 960 2022 regio,
983 1958 1067 2021 quae
1085 1937 1225 2002 etuber-

220 2069 285 2120 tate
317 2033 476 2141 agrorum
506 2067 539 2119 et
558 2055 711 2120 varietate
739 2058 910 2120 fructuum
934 2068 967 2120 et
1000 2054 1226 2142 magnitudine

219 2176 372 2259 pastionis
399 2187 431 2239 et
450 2174 662 2238 multitudine
680 2197 794 2239 sarum
819 2196 932 2240 rerum
954 2197 1037 2260 quae
1054 2189 1226 2259 exportan-

221 2308 296 2370 tur,
320 2291 415 2358 facile
441 2290 594 2358 omnibus
614 2293 709 2357 terris
730 2293 943 2364 antecellebat
956 2293 983 2362 ².
1026 2293 1145 2379 Itaque
1166 2297 1226 2360 hoo

221 2412 311 2478 vario
341 2409 465 2477 reditis
498 2432 634 2497 genere,
680 2413 768 2495 quod
795 2411 961 2490 decumis,
995 2412 1160 2497 scriptura
1196 2426 1227 2479 et

220 2530 368 2616 portorio
382 2529 570 2604 constabat,
596 2542 634 2594 ut
658 2527 824 2594 civitatem
845 2531 1030 2596 Romanam
1050 2530 1227 2603 incredibi-

220 2653 294 2716 liter
318 2652 549 2735 locupletatam
565 2645 734 2725 novimus‚
746 2649 792 2714 ita
807 2670 914 2733 neque
938 2671 976 2714 ea
993 2648 1228 2721 redimentibus

221 2770 403 2856 publicanis
433 2772 518 2835 male
549 2773 735 2835 consultum
755 2782 844 2846 erat,
868 2768 990 2853 quippe
1003 2769 1060 2853 qui
1084 2770 1228 2856 ingentes

222 2889 348 2953 divitias
366 2888 442 2953 inde
460 2865 680 2954 lucrarentur,

201 3056 206 3063 .
266 3005 521 3072 Publicanorum
546 3006 580 3070 in
602 3005 677 3071 Asia
698 3005 841 3072 societati
867 3004 1027 3090 quamdiu
1047 3005 1227 3073 adhaeserit

144 3201 149 3210 ι
228 3123 383 3199 Lucilius,
407 3123 606 3208 ignoramus.
651 3122 775 3188 Pariter
793 3121 958 3189 incertum
976 3137 1038 3201 est,
1062 3147 1129 3210 quo
1146 3138 1229 3190 tem·
1274 3186 1278 3195 .

223 3264 303 3328 pore
333 3241 395 3308 iter
426 3243 461 3306 in
484 3238 651 3321 Siciliam,
681 3245 768 3326 quod
792 3241 859 3326 ipse
880 3244 1071 3328 descripsit,
1101 3243 1229 3311 fecerit.

226 3360 327 3447 Cujus
363 3362 410 3426 rei
434 3361 631 3426 memoriam
654 3359 795 3427 serravit
819 3376 1076 3428 commentator:
1104 3389 1121 3431 <s
1135 3362 1231 3435 Luci·

225 3483 285 3547 lius
320 3481 405 3548 libro
436 3481 533 3547 tertio
556 3478 724 3565 descripsit
742 3481 806 3546 iter
825 3503 922 3546 suum
944 3485 1034 3566 quod
1052 3481 1162 3548 Romi
1185 3486 1230 3547 fe-

258 3839 272 3875 ι
307 3824 432 3876 AdLuc.
444 3824 532 3890 Pup·
544 3823 619 3876 1521».
653 3825 777 3878 Varro
793 3827 827 3879 de
841 3825 1022 3892 Ruerlss.
1042 3824 1226 3881 ctorell.

234 3923 332 3973 Onom.
355 3918 430 3972 Tull.
446 3936 477 3987 p.
494 3918 571 3974 562b.

261 4033 279 4069 a
311 4017 391 4075 Cic.
415 4033 469 4086 pro
497 4017 551 4089 leg.
572 4020 653 4075 Mon·
671 4017 698 4074 6.
715 4018 761 4072 Cf.
788 4021 1044 4077 Bormonnde
1063 4021 1186 4095 vectigg.
1201 4035 1232 4088 p·

230 4118 312 4168 Rom·
328 4132 357 4184 p·
373 4112 420 4179 dt,
438 4111 483 4166 ⁵8.
