2580 4756
623 373 678 437 ltr

146 550 198 615 An
228 572 329 637 quem
359 552 467 612 locum
481 549 658 615 Charisius:
686 551 869 637 «Namque
893 555 972 616 adeo
991 553 1156 635 prolixum
1239 588 1248 595 ··

145 668 305 750 temporis
334 668 479 750 spatium
500 668 677 754 significat,
709 683 746 734 ut
765 671 907 754 judices,
932 671 1156 755 quotiescum·

145 807 212 868 que
233 785 463 870 significarent,
484 788 590 849 adhuc
612 807 644 850 se
658 784 771 851 audire
787 791 878 877 velle,
889 788 1057 873 ,arnplius
1071 788 1157 851 dice·

143 901 263 973 bant.»
312 901 475 967 Postrema
494 900 593 966 verba
605 923 672 966 non
693 903 784 966 video
802 923 868 986 quo
884 917 1050 985 spectent,
1073 903 1155 967 illud

146 1040 239 1094 vero,
262 1023 350 1102 quod
370 1022 409 1081 de
434 1019 561 1100 prolixo
578 1032 726 1102 tempore
745 1018 975 1083 animadvertit
990 1063 1000 1094 ,
1014 1000 1153 1094 indicat,

144 1138 251 1208 Deos,
283 1136 340 1220 qui
372 1136 549 1199 diutissime
570 1136 726 1220 singulari
753 1135 832 1200 curri
852 1134 1076 1199 Romanarum
1098 1157 1153 1200 re·

143 1275 221 1315 rum
242 1253 364 1337 gloriae
376 1266 410 1314 et
429 1249 639 1332 amplitudini
652 1251 882 1336 invigilassent,
895 1254 1072 1332 desperasse
1081 1253 1150 1333 jam

140 1373 181 1432 de
215 1371 271 1432 illa
299 1370 427 1452 imperii
458 1369 598 1432 Romani
624 1370 959 1444 immortalitem,
978 1387 1149 1453 postquam

140 1502 322 1572 cognorant
340 1487 448 1570 qualia
467 1506 534 1550 non
551 1484 707 1568 privatim
730 1500 875 1561 tantum,
898 1489 953 1550 sed
974 1487 1072 1549 etiam
1088 1507 1149 1569 pu·

140 1605 223 1667 blice
240 1608 359 1668 scelera
377 1617 408 1667 et
426 1603 548 1688 flagitia
572 1603 708 1686 impune
725 1617 959 1691 grassarentur.
1006 1604 1052 1669 Ut
1074 1624 1150 1667 vero

137 1732 248 1782 cetera
280 1719 409 1802 quaevis
444 1719 521 1783 uitia
550 1720 641 1803 gravi
673 1721 816 1783 oratione
842 1728 1027 1800 persecutus
1050 1719 1150 1782 videri

138 1849 247 1917 potest
268 1834 434 1909 Lucilius,
457 1835 501 1899 ita
516 1834 718 1916 potissimum
742 1837 781 1896 de
799 1836 997 1923 inopinatis
1014 1834 1151 1896 crimine

136 1954 224 2037 egit:
250 1953 294 2015 sic
306 1963 440 2026 autem,
462 1963 499 2012 ut
524 1949 687 2017 Ciceronis
712 1951 810 2020 verba
824 1951 988 2028 indicent,
1011 1952 1099 2038 egit,
1116 1966 1151 2014 ut

135 2070 354 2150 pessimorum
376 2087 586 2151 quorumque
603 2068 786 2131 studiorum
803 2072 873 2131 sons
896 2069 950 2132 illa
963 2070 1148 2132 uberrimus

132 2187 363 2255 ostenderetur
382 2205 457 2247 esse.
503 2181 595 2266 Quae
616 2185 642 2247 si
661 2185 926 2270 cogitaverimus,
951 2187 1149 2273 intelligetur

136 2303 252 2376 facile,
275 2301 480 2365 Lucilianum
503 2300 599 2364 illum
616 2323 666 2364 res
688 2302 888 2367 describendi
902 2305 1148 2388 exponendique

132 2423 275 2496 ,modum
298 2439 402 2505 unum
424 2417 677 2482 efficacissimum
696 2420 792 2483 fuisse
812 2423 854 2484 ad
863 2421 1072 2486 excitandum
1083 2444 1148 2504 pu-

101 2580 111 2595 .
134 2540 252 2601 dorem
284 2548 316 2597 et
333 2534 504 2616 probrosos
526 2555 633 2597 mores
658 2537 899 2609 emendandos,
925 2558 1064 2623 vereque
1084 2537 1147 2598 Ju-

137 2659 285 2719 venalem
308 2651 520 2733 praedicasse,
537 2663 664 2714 tantam
682 2651 857 2713 satirarum
880 2653 948 2714 vim
974 2652 1088 2726 fuisse,
1112 2667 1149 2716 ut

133 2773 193 2857 qui
213 2791 327 2834 esrum
349 2767 530 2832 recitationi
548 2767 753 2839 interessent,
778 2767 1004 2863 erubescerent
1017 2768 1143 2830 audito-

134 2912 185 2955 res
206 2902 238 2953 et
258 2887 356 2953 tacita
372 2885 471 2968 culpd
489 2886 600 2949 sudari
620 2898 752 2976 pectora
772 2886 942 2951 sentirent.
990 2887 1086 2953 Hunc
1110 2890 1146 2951 li·

134 3009 236 3071 brum
260 3007 300 3068 L.
314 3003 397 3068 Aelii
418 3001 549 3066 Stilonis
572 3004 698 3076 nomini
722 2984 884 3088 inscripsit
895 3003 921 3068 ².
950 2980 953 2984 Δ
1087 2987 1089 2993 ’
1207 2980 1212 2985 ’

178 3125 227 3189 De
251 3123 335 3186 libro
348 3123 523 3187 secundo
537 3125 805 3208 memorandum,
831 3127 919 3208 quod
932 3126 1082 3213 Ellendto
1096 3130 1147 3193 vi-

131 3265 207 3309 sum
227 3263 291 3304 esse
314 3241 459 3326 cognovi.
507 3240 536 3304 Is
562 3241 648 3309 enim
670 3244 709 3304 de
731 3241 775 3304 M.
803 3241 931 3306 Aemilii
953 3244 1066 3309 Scauri
1081 3249 1147 3313 vite

132 3361 299 3442 disputans
334 3383 351 3422 u
372 3358 540 3435 moribus,
569 3360 632 3436 ait,
665 3361 689 3422 si
719 3358 869 3425 Ciceroni
896 3365 1028 3438 credas,
1064 3366 1145 3429 nihil

132 3477 294 3551 sanctius,
319 3475 399 3538 nihil
421 3476 576 3562 gravius,
594 3475 676 3539 nihil
700 3477 866 3561 antiquius
891 3479 963 3542 suit.
1010 3461 1145 3559 Athal-

131 3596 246 3660 iustius
271 3593 346 3679 lug.
373 3596 434 3668 15,
459 3607 491 3656 et
505 3595 633 3674 abhoc
658 3608 820 3679 respectus
841 3599 971 3673 sortasse
986 3599 1144 3678 Lucilius,

133 3711 328 3774 Saturarum
354 3693 426 3772 lihri
453 3711 584 3774 secundi
606 3712 813 3796 fragmentis,
839 3713 956 3800 ingenii
976 3720 1146 3805 magnitu-

132 3829 245 3891 dinem
268 3849 344 3889 cunr
366 3849 401 3889 ea
428 3848 560 3891 morum
583 3829 864 3912 fallaciejunctam
879 3833 994 3907 fuisse,
1020 3852 1056 3901 ut
1069 3863 1144 3921 spc-

151 3980 352 3989 ---——--
357 3979 430 3988 -ι--ι

169 4039 180 4073 ι
220 4021 273 4071 clf.
292 4037 360 4086 qnae
379 4038 458 4085 supra
478 4020 595 4073 diximus
615 4041 643 4088 p.
661 4042 693 4088 7o
712 4044 773 4093 sqq.

169 4135 184 4168 2
222 4118 303 4184 Disp.
324 4119 356 4166 (le
379 4122 408 4168 h.
429 4118 492 4170 Aet.
514 4121 581 4173 Stil.
603 4139 628 4186 p.
648 4121 690 4189 96.
