2580 4756
597 336 659 397 281

115 491 217 585 mus,⁴
237 519 372 591 pateret.
398 507 461 571 Sed
484 508 574 573 dubii
598 511 823 586 fluctuamur,
847 532 930 595 quae
953 513 994 573 ad
1016 512 1126 577 satiras

115 630 181 712 ejus
202 628 317 691 referri
330 640 490 708 oporteat.
515 626 547 690 Si
561 640 738 702 constaret,
764 631 803 690 de
822 649 888 712 quo
905 649 1011 712 nuper
1029 630 1128 693 amb-

115 744 157 830 igi
170 755 326 826 coeptum
337 792 347 822 ,
373 765 450 807 eum
463 746 603 821 librum,
622 767 723 828 quem
736 743 965 828 Scipionem
988 748 1128 828 inscrip-

115 860 153 923 sit
174 860 318 936 Ennius,
350 863 415 925 huo
446 863 590 926 revocari
614 862 746 937 debere,
774 865 920 946 profecto
940 864 1126 948 argumenti

115 979 308 1064 gravitatem
336 999 449 1042 rerum
484 982 649 1062 praeclare
675 980 716 1043 ab
749 981 804 1043 illo
835 995 1001 1066 gestarum
1033 1003 1125 1045 com-

117 1098 271 1159 mendata
299 1097 459 1160 memoria
480 1097 634 1178 probaret
649 1095 675 1161 1.
722 1094 817 1161 Sota
839 1099 937 1162 etiam
959 1098 1040 1162 liber
1063 1101 1131 1182 ejus

116 1217 288 1290 laudatur,
321 1216 411 1298 cujus
435 1218 535 1298 quale
562 1227 799 1301 argumentum
824 1217 923 1279 fuerit
948 1217 1128 1294 nescimua3

117 1336 197 1395 nam
221 1333 310 1415 quod
334 1331 524 1414 Rupertus‚
555 1332 612 1415 qui
628 1334 703 1397 alios
726 1335 859 1396 laudans
883 1330 1048 1397 Asotum
1066 1334 1131 1399 sive

118 1450 257 1514 Sotadi
265 1472 352 1532 eum
374 1426 509 1513 titulum
533 1451 607 1513 libri
632 1453 748 1527 finxit,
771 1452 965 1516 existimavit
977 1453 1133 1516 luxuriosi

119 1571 170 1633 vel
191 1569 333 1632 dissoluti
351 1568 490 1631 bominis
508 1569 687 1653 imaginem
708 1590 747 1632 eo
771 1570 1005 1632 adumbratam
1027 1572 1132 1647 fuisse,

119 1678 214 1749 tituli
225 1686 331 1767 specie
348 1699 456 1748 motus
477 1684 561 1751 est2.
597 1685 908 1771 Phageticorum
928 1687 1052 1750 librum
1070 1710 1136 1771 po·

119 1797 182 1868 tius
202 1825 303 1888 quam
323 1815 450 1869 aotam
467 1804 570 1867 satiris
588 1804 751 1867 vindicare
764 1805 868 1868 voluit
880 1806 1044 1880 Diintzer,
1058 1807 1134 1890 quia

119 1920 275 1986 Varronis
294 1921 391 1984 satira
414 1923 484 2004 aspi
504 1920 679 2003 ἐδεσμάτων
697 1922 848 2004 inscripta
864 1924 983 2008 legitur
996 1923 1023 1986 3.
1048 1923 1136 1986 Her-

121 2061 224 2104 mann
242 2058 319 2104 vero
335 2040 423 2102 haud
442 2039 522 2102 scire
546 2060 579 2103 se
601 2040 668 2114 ait,
694 2060 736 2102 an
758 2041 902 2122 plurima
927 2062 1043 2106 eorum
1065 2064 1135 2108 car·

121 2157 233 2232 mina,
268 2144 352 2240 quae
374 2168 503 2238 praeter
524 2155 664 2261 Annales
689 2157 730 2220 ab
754 2157 860 2222 Ennio
884 2161 1064 2243 conscripta
1086 2164 1138 2224 fe·

123 2274 298 2349 rebantur,
334 2273 416 2336 nihil
450 2274 510 2337 nisi
532 2286 639 2356 partes
660 2275 779 2360 integri
798 2278 975 2342 satirarum
993 2281 1137 2363 corporis

124 2391 258 2457 suerint.
305 2391 392 2456 Illud
427 2404 513 2456 certe
538 2392 689 2456 novimus
721 2392 913 2477 Quintiliani
935 2400 1138 2475 auctoritate,

125 2511 158 2576 in
186 2510 285 2574 satira
314 2529 391 2571 eum
423 2506 567 2572 Mortem
592 2530 630 2572 ac
650 2509 762 2574 Vitam
784 2514 1011 2576 contendentes
1034 2515 1141 2577 tradi-

124 2627 240 2703 disae4,
266 2638 298 2690 et
321 2625 444 2691 Gellius
457 2639 585 2701 narrat,
610 2624 727 2708 Aesopi
740 2630 918 2713 apologum
932 2631 972 2692 de
989 2629 1135 2693 aviculae

124 2746 260 2820 nidulo,
294 2764 361 2828 quo
393 2743 445 2807 illa
467 2747 643 2819 docuerat,
673 2745 859 2808 amicorum
878 2757 910 2807 et
927 2746 1139 2830 propinquo-

125 2885 202 2928 rum
224 2875 298 2926 tam
318 2864 424 2926 levem
446 2865 645 2946 plerumque
667 2874 699 2925 et
721 2863 852 2926 inanem
877 2864 1033 2929 fiduciam
1056 2886 1140 2942 esse,

126 2993 164 3046 ut
180 2983 216 3045 in
238 2981 358 3064 teipso
382 3001 475 3062 spem
501 3001 636 3044 omnem
649 2993 681 3042 te
701 2980 822 3044 habere
835 3001 895 3062 par
913 2982 973 3056 sit,
996 2983 1031 3045 in
1045 2983 1143 3046 Ennii

127 3100 231 3166 satiris
258 3099 335 3163 scite
367 3100 547 3163 admodum
576 3109 609 3162 et
638 3112 772 3163 venuste
800 3099 945 3164 versibus
978 3103 1143 3186 quadratis

125 3218 346 3301 'compositum
368 3238 433 3280 osse
445 3215 473 3280 ⁵.

162 3487 175 3523 ι
214 3470 268 3524 Cff.
285 3471 422 3523 uersat
440 3469 551 3541 (Rhein.
571 3470 644 3523 Mus·
664 3469 691 3524 V
712 3489 738 3539 p.
755 3473 819 3526 420.
838 3472 1145 3547 zeitsch.f.alt.1857

130 3585 159 3634 p.
179 3567 283 3640 104712
302 3570 433 3620 Ritrer
462 3565 598 3638 (zeinab.
627 3569 648 3628 f.
670 3553 730 3622 Atti
748 3569 816 3622 ¹840
832 3588 861 3636 p.
879 3571 942 3640 594)
963 3573 1148 3628 Drintzer

130 3674 200 3722 Hor.
224 3669 287 3718 Sat.
306 3683 335 3733 p.
353 3666 380 3717 8.
398 3668 605 3718 Hermann
623 3669 658 3720 de
682 3669 744 3718 Sat.
768 3670 849 3719 Rom.
872 3685 899 3734 p.
919 3665 966 3722 26.
1038 3666 1050 3687 '
1137 3687 1155 3705 ·

166 3781 184 3817 2
217 3765 300 3834 Disp.
316 3764 349 3815 de
370 3765 431 3814 Sar.
448 3766 532 3816 Rom.
560 3781 588 3831 p.
602 3763 672 3817 XLI
696 3764 833 3837 (praelixa
851 3767 980 3819 Juveu·
1001 3768 1146 3835 editioni.)
1185 3760 1187 3764 ⁸

165 3860 182 3912 ὅ
218 3864 273 3931 Op.
291 3861 313 3915 l.
331 3877 360 3927 p.
380 3875 423 3912 ιο.
712 3839 721 3853 ³

168 3957 186 4011 4
220 3955 592 4030 Inar.0rat.1x,¹2,56.

169 4052 185 4102 5
226 4054 270 4120 ll,
293 4073 337 4124 ²9·
