2580 4756
683 390 746 449 2⁴00

210 592 363 656 quamur.
409 566 521 649 Neque
545 566 633 626 enim
658 562 895 645 impedimento
921 577 1005 624 aetas
1043 562 1076 625 P.
1108 563 1214 626 llutilii

211 689 296 770 Lupi
323 686 399 760 erit,
428 683 481 750 cui
518 683 583 746 vital
618 675 773 744 defuncto
801 680 1005 763 aliquamdiu
1027 683 1214 763 superfuisse

210 804 351 868 Lucilius
384 802 558 866 censendus
593 812 657 874 est,
689 819 795 881 neque
817 818 907 879 ‘opus
935 797 998 862 erit
1020 811 1215 874 statuere,a

210 921 334 986 Lucilio
366 931 552 982 extremum
584 916 668 980 vitae
700 928 847 999 tempus,
885 918 974 999 quod
997 919 1111 979 consul
1134 917 1214 1002 egit,

208 1037 474 1122 praetermissum
511 1056 586 1097 esse.
633 1031 764 1116 Quippe
793 1054 860 1096 non
881 1034 955 1097 satis
976 1032 1114 1109 habuit,
1140 1035 1215 1098 deli·

209 1158 357 1220 herentes
376 1157 415 1218 de
427 1151 545 1222 Rutilii
565 1152 700 1215 interitu
718 1151 800 1214 Deos
821 1152 931 1233 primo
948 1152 1035 1216 libro
1048 1153 1212 1229 inducere,

207 1277 263 1338 sed
292 1272 482 1339 instauravit
512 1272 579 1353 ejus
610 1268 807 1334 memoriam
838 1269 874 1331 in
907 1269 1011 1351 operis
1041 1272 1115 1334 fine
1138 1271 1214 1335 libro

209 1390 469 1463 undetricesimO,
517 1386 592 1451 Scio
624 1387 704 1471 quid
733 1387 928 1474 difficultatis
948 1390 1108 1470 supersit,
1134 1392 1213 1473 quod

213 1508 341 1572 latuisse
363 1506 554 1588 interpretes
567 1505 678 1572 miror,
715 1502 830 1587 Quum
847 1506 1055 1582 noverimus,
1081 1527 1149 1590 quo
1163 1529 1212 1570 au-

213 1647 256 1690 no
278 1627 388 1689 consul
412 1621 512 1687 fuerit
536 1622 649 1703 Lupus
675 1622 755 1698 iste,
779 1622 989 1707 intelligimus
1012 1623 1114 1687 simul
1139 1639 1212 1687 tem·

212 1763 292 1825 pore
315 1741 390 1804 belli
413 1739 604 1803 Numantini
626 1753 740 1802 natum
765 1738 878 1814 fuisse,
903 1741 992 1822 quod
1016 1741 1212 1804 contrarium

214 1860 340 1924 videtur
378 1881 441 1922 esse
472 1856 597 1929 Horatii
632 1856 834 1932 testimonio,
869 1859 956 1939 quod
989 1859 1146 1940 expressit
1172 1859 1213 1921 his

210 1976 368 2042 versibus:

545 2134 591 2145 -
615 2096 736 2182 Quid?
754 2120 833 2163 eum
857 2109 907 2160 est
933 2097 1099 2163 Lucilius
1115 2121 1212 2162 ausus

255 2215 405 2282 Primus
424 2219 464 2277 in
475 2213 564 2277 hunc
575 2219 688 2301 operis
701 2238 895 2301 comportare
905 2219 1068 2280 earmina
1081 2238 1210 2292 morsm,

256 2331 448 2394 Detrahere
468 2344 499 2395 et
519 2333 659 2418 pellem,
680 2332 820 2399 nitidus
837 2356 907 2419 qua
921 2337 1140 2421 quisqueper
1160 2356 1213 2398 ore

252 2451 402 2528 Cederst,
420 2454 617 2515 introrsum
638 2457 776 2539 turpis:
797 2475 881 2517 num
907 2452 1053 2516 laelius
1075 2466 1139 2518 aut
1160 2456 1213 2541 qui

253 2568 371 2638 Duxit
391 2569 434 2632 ab
456 2591 617 2655 oppresse
636 2573 803 2633 meritum
828 2569 1049 2657 Carthagine
1071 2594 1188 2635 nomen

254 2687 401 2776 Ingenio
425 2686 575 2773 offensi?
599 2700 662 2752 eut
685 2690 775 2751 laeso
794 2687 933 2753 doluere
956 2688 1129 2755 Metello?

254 2805 478 2890 Famosisque
502 2805 599 2892 Lupo
617 2819 771 2893 cooperte
794 2806 974 2871 versibus?
985 2845 1032 2864 -ι-

206 2944 228 3005 ¹e
257 2921 376 3004 quibus
410 2923 485 2986 satis
513 2916 624 3004 pater'e
654 2924 763 3000 dicas,
786 2922 936 3009 Scipione
956 2938 990 2988 et
1008 2925 1125 2991 Laelio
1144 2925 1216 2991 vivis·

212 3040 299 3122 Lupi
325 3061 364 3103 ae
391 3039 515 3107 Metelli
546 3043 751 3107 mentionem
776 3065 796 3106 a
824 3042 951 3106 Lucilio
971 3065 1038 3107 esse
1059 3048 1180 3110 factum
1190 3043 1214 3111 ¹.

210 3154 300 3219 Fieri
332 3177 414 3221 -vero
433 3178 501 3220 non
521 3159 651 3239 potnit,
683 3173 721 3222 ut
741 3160 913 3242 superstite
933 3157 1085 3242 Scipione
1103 3159 1216 3227 Rutili·

211 3296 271 3338 um
290 3273 427 3357 Lupum
446 3276 551 3340 satiris
574 3277 786 3359 prosciderit,
814 3278 939 3362 quippe
961 3283 1144 3362 puerulum
1161 3281 1216 3344 sub

209 3391 370 3478 Scipionis
398 3393 539 3460 obitum.
590 3395 698 3461 Facile
732 3396 833 3482 igitur
854 3397 975 3461 erroris
1007 3398 1216 3482 interpretem

211 3531 446 3598 argueremus,
477 3513 538 3577 nisi
573 3514 676 3605 tidem
709 3514 739 3577 ei
767 3515 856 3580 haud
890 3528 1016 3580 temere
1039 3520 1216 3604 negandam

210 3651 275 3695 esse
305 3631 387 3696 illud
413 3632 596 3709 indicaret,
624 3635 715 3718 quod
745 3635 832 3698 hanc
860 3635 1003 3719 aliasque
1024 3636 1217 3722 interpretr-

211 3747 314 3820 tioues
340 3747 378 3812 iis
402 3749 550 3814 videatur
576 3751 739 3828 debuisse,
763 3753 821 3837 qui
838 3763 992 3818 accurate
1014 3757 1056 3820 de
1078 3754 1213 3846 personis

248 4108 258 4143 χ
299 4089 364 4154 Sup.
387 4109 414 4154 p.
433 4090 475 4147 15,
496 4092 540 4146 65.
