2580 4756
627 339 669 400 63

181 516 232 584 Ut
252 517 354 582 semel
372 519 413 583 ile
433 515 530 581 Caeli
545 537 684 604 pugnos
710 527 742 579 te
762 512 924 580 invadere
946 513 1023 580 vile·
1039 515 1074 592 ¹,
1128 500 1130 504 ¹

130 636 196 702 ubi
219 636 305 700 coeli
317 642 460 724 pugnos
482 633 546 720 legi
567 633 686 700 solett.
1081 718 1083 723 Α

181 753 342 820 Venimus
369 756 440 838 jam
462 755 503 818 ad
525 755 596 817 loca
616 751 777 818 Ciceronis
800 773 900 836 supra
920 751 1140 816 memoratass.

140 871 274 958 Quibus
312 892 418 955 quum
451 871 497 935 sic
538 873 578 936 de
620 870 744 935 Lucilio
785 874 946 935 referatur
989 883 1148 955 tunquam

137 1002 300 1066 mortuo,
335 989 414 1074 quid
437 987 621 1053 faciamus?
645 987 720 1055 Una
741 988 824 1053 ratio
846 989 897 1053 eet¹
915 988 1149 1072 interpretandi

137 1085 223 1175 illud
254 1107 366 1172 dicere
387 1108 516 1172 solebat
552 1109 592 1172 de
618 1106 746 1172 Lucilio
767 1106 876 1172 Roma
899 1111 1061 1190 profecto,
1084 1106 1151 1174 sive

141 1252 182 1296 eo
202 1230 273 1315 ipso
298 1241 447 1313 tempore
469 1229 534 1295 iter*
555 1227 702 1294 Siculum
724 1229 930 1307 instituisset,
952 1230 1041 1307 sive,
1063 1232 1152 1316 quod

144 1350 238 1414 malo
260 1347 458 1424 existimare,
496 1349 615 1413 urbem
637 1349 837 1434 reliquerat,
860 1359 900 1413 ut
924 1370 962 1413 eo
979 1371 1151 1434 nunquam

141 1468 277 1533 rediret.
335 1465 544 1531 Profectionis
575 1480 705 1551 tempus
734 1480 884 1532 accurate
914 1469 1056 1534 indicere
1085 1489 1152 1532 non

142 1586 241 1662 licet,
278 1587 334 1650 ead
366 1583 530 1651 Ciceronis
559 1584 771 1651 testimoniet
797 1585 834 1675 (si
860 1607 976 1652 verum
1014 1587 1154 1652 vidimus

144 1703 361 1794 conjicientes
377 1724 439 1787 pro
464 1704 519 1769 bie
541 1704 640 1770 leolis
661 1707 837 1790 legendum
858 1727 921 1770 esse
949 1707 1072 1791 pueris
1090 1726 1154 1768 no-

146 1820 218 1908 his)
244 1835 357 1906 patet,
380 1844 457 1886 eum
477 1843 580 1906 puero
593 1821 757 1899 Cicerone,
770 1823 791 1887 i.
805 1844 833 1889 e.
854 1823 980 1887 circiter
992 1824 1057 1886 659
1071 1820 1155 1912 (95),

146 1944 275 2008 Romae
296 1943 403 2008 adhuc
420 1943 525 2009 fuisse.
571 1942 685 2027 Itaque
704 1964 771 2007 non
794 1943 993 2020 errabimus,
1015 1943 1043 2008 si
1065 1942 1158 2008 abiis-

149 2084 185 2126 se
220 2073 380 2126 statuatur
412 2061 499 2125 intra
535 2061 629 2125 illum
664 2082 788 2126 annum
821 2074 854 2126 et
887 2063 951 2127 663
990 2059 1081 2152 (91),
1106 2062 1158 2127 cui

145 2200 334 2246 sermonem
365 2177 403 2242 de
429 2190 569 2244 oratore
598 2178 712 2245 Cicero
734 2180 909 2265 adscripsit.
956 2179 1060 2247 Causa
1084 2201 1159 2246 vero

149 2320 211 2364 cur
233 2299 398 2382 profectus
420 2298 482 2375 eit,
514 2319 677 2383 nusquam
700 2299 815 2363 diserte
834 2299 1045 2385 significatur.
1090 2298 1160 2364 No-

151 2418 214 2480 lim
238 2416 428 2481 temerarius
448 2417 560 2483 videri.
605 2415 669 2482 Sed
691 2417 815 2483 levibus
837 2416 961 2483 indiciis
983 2440 1079 2495 usus,
1103 2419 1160 2482 ali-

149 2534 234 2622 quid
270 2538 419 2619 proferre
444 2537 559 2619 juvat,
596 2539 635 2600 de
664 2557 731 2621 quo
768 2558 864 2601 suum
882 2537 999 2622 cuique
1019 2537 1160 2600 liberum

149 2654 318 2739 judicium
349 2654 510 2739 relinquo.
555 2655 657 2719 Libro
687 2656 860 2720 satirarum
894 2675 1002 2730 nono,
1033 2657 1162 2739 quode

149 2772 387 2859 orthographia
420 2774 547 2859 agitur,
581 2773 738 2859 legimus:
771 2772 897 2838 Pilum
922 2795 988 2860 quo
1018 2772 1163 2859 pineo.⁵

153 2893 275 2979 Quum
300 2894 420 2978 plurali
451 2915 591 2958 numero
618 2894 768 2977 proxima
798 2894 968 2960 dicantur:
987 2895 1071 2982 pilo
1093 2915 1161 2980 quo

196 3193 208 3230 ι
247 3176 320 3228 nod.
336 3175 381 3229 ⁵8.

196 3291 214 3327 2
248 3275 386 3326 Densa
402 3290 430 3341 p.
443 3274 560 3331 860138.
578 3277 807 3327 Burmannus
823 3292 889 3328 vero
911 3275 998 3342 priori
1016 3275 1166 3328 versuFa-

161 3370 205 3423 bii
233 3369 411 3423 Cunctator-is
444 3372 527 3424 verba
551 3372 687 3424 contineri
713 3370 746 3421 ed
774 3371 808 3427 C.
824 3373 974 3425 Miuutium
991 3371 1092 3424 linium
1109 3379 1168 3425 sta-

163 3467 236 3531 tuit,
265 3464 402 3520 Merulam
424 3468 536 3521 laudeus
560 3470 608 3538 qui
635 3470 836 3524 contentionem
860 3472 934 3522 iuter
949 3470 1028 3521 illum
1046 3470 1169 3523 dictato-

164 3581 225 3618 rern
248 3572 277 3616 et
298 3566 456 3633 magistrum
483 3567 608 3636 equiturn
624 3566 786 3634 descriptam
804 3585 818 3618 a
836 3567 945 3621 Lucilio
964 3568 1037 3620 libro
1055 3568 1170 3638 trigesi-

163 3682 211 3716 mo
230 3661 284 3714 sibi
293 3671 472 3730 persuaserat.
491 3665 534 3718 et
554 3665 697 3717 Merula
714 3666 754 3717 ad
762 3667 887 3718 Enniam
907 3684 935 3733 p.
947 3666 1096 3720 :tet-465.
1115 3667 1169 3719 Et-

170 3761 224 3813 iam
252 3761 407 3827 posteriore
427 3779 507 3814 versu
525 3761 573 3812 alii
592 3763 787 3832 coelipugnas
812 3768 931 3822 θωμαχῑας
949 3782 971 3816 s.
987 3771 1171 3825 γιγαντομαχίας

167 3857 346 3922 intellexere,
366 3874 432 3928 quas
449 3858 485 3924 is,
506 3876 587 3928 quem
604 3857 759 3929 alloquatur
776 3858 922 3926 Lucilius,
942 3862 1102 3930 scripsisset.

204 3953 222 4004 5
254 3970 281 4021 p.
301 3954 344 4011 28.

204 4049 223 4101 4
256 4050 410 4115 Brome,
432 4053 514 4105 160·-

205 4144 222 4194 5
258 4145 586 4212 Luctt.Fr.tx,6.
