2580 4756
610 386 671 470 tas

133 587 294 671 nequitiae
317 584 503 648 hominibus
526 602 711 645 sermonem
734 582 827 646 tuisse
843 584 878 646 in
899 583 1055 648 Deorum
1076 604 1150 649 eon·

135 704 226 779 cilio,
260 714 371 785 patere
407 700 589 763 existimem
609 720 648 762 ex
669 699 718 762 his
737 699 880 764 versibus
901 722 1064 784 supremo
1086 703 1146 767 Deo

136 821 224 884 haud
248 837 421 901 perperam
445 814 595 878 tributis:

448 968 493 978 -
515 942 555 994 eet
579 931 708 994 multos
731 953 924 1019 mensesque
948 933 1105 1021 diesque,

183 1048 262 1116 Non
284 1061 397 1112 tamen
424 1059 569 1110 oetatem
589 1059 789 1132 tempestate
812 1051 877 1113 bae
899 1053 1065 1116 scelerati

186 1167 375 1231 Laetentur
391 1167 414 1228 ¹.

141 1287 256 1368 Itaque
285 1283 432 1366 plurium
455 1285 685 1344 sceleratorum
711 1304 805 1346 causa
828 1295 900 1347 aeta
917 1304 983 1347 esse
1004 1284 1134 1358 videtur,

140 1413 316 1483 postquam
351 1401 436 1479 apud
473 1398 556 1461 Deos
590 1400 629 1460 de
663 1399 747 1480 Lupi
776 1399 937 1482 supplicio
972 1400 1134 1465 constabat.

145 1517 184 1578 ln
221 1516 269 1578 his
302 1536 378 1578 cum
411 1513 464 1575 alii
500 1514 581 1576 bene
612 1516 709 1577 multi
739 1517 880 1591 suerint,
916 1529 993 1580 tu'm
1026 1530 1135 1600 praeter

146 1633 183 1695 L.
209 1631 376 1693 Tubulum
400 1642 432 1693 et
451 1627 636 1693 Carbonem
661 1630 849 1695 aCicerone
867 1647 1065 1698 memoratae
1077 1631 1136 1696 Me·

144 1749 262 1820 telius,
287 1765 386 1827 quem
406 1743 556 1808 Horatius
570 1746 724 1810 indicavit
747 1759 779 1809 et
804 1767 881 1810 eum
903 1748 1002 1832 Lupo
1022 1768 1136 1832 compo·

144 1861 253 1936 suist,
278 1861 471 1925 Pantolabus
495 1874 527 1924 et
546 1860 789 1939 Nomentanus,
813 1864 872 1946 qui
895 1863 998 1928 ambo
1009 1865 1136 1930 homins

146 1980 221 2043 viles
246 1990 278 2041 et
296 1978 451 2041 luxuriosi
473 1978 627 2041 dicuntur
652 1979 787 2043 fuissess.
836 1978 1025 2045 Cauturum
1047 2000 1137 2045 seme

144 2075 341 2175 pronunciat
370 2094 519 2175 Jupiter,
550 2115 590 2156 ne
613 2094 683 2166 sti,
706 2095 763 2176 qui
782 2095 954 2178 impietate
975 2110 1010 2161 es
1030 2096 1137 2183 rapat

147 2215 231 2276 elam
252 2213 379 2273 dudum
400 2209 500 2295 gavisi
525 2210 681 2284 fuissent,
706 2223 811 2273 totam
832 2213 936 2275 vitam
959 2213 1070 2278 iisdem
1081 2225 1138 2276 stu-

146 2329 204 2391 diis
230 2325 516 2409 voluptatibusque
539 2325 758 2410 indulgerent.
804 2326 918 2412 Neque
938 2329 1085 2411 ineptum
1103 2339 1139 2390 est

149 2447 299 2518 eredere,
322 2445 387 2506 huc
407 2442 570 2524 pertinere
595 2454 629 2503 et
648 2464 666 2504 a
687 2443 767 2507 Jove
788 2444 856 2526 ipso
875 2445 1139 2525 exponimus,

131 2582 230 2645 -quae
239 2561 369 2646 populo
394 2572 426 2621 et
448 2556 669 2621 senatoribus
681 2579 720 2622 eo
740 2564 1060 2642 temporeplaoeret‚
1081 2574 1140 2624 tur·

149 2699 228 2759 pem
258 2675 325 2740 vita
349 2674 504 2739 abutendi
530 2674 711 2750 rationem,
736 2674 892 2756 perfidia,
910 2677 1052 2752 estuat,
1075 2677 1142 2740 adu·

149 2794 283 2867 latione,
305 2792 511 2855 simulatione
536 2768 713 2874 insignem:
738 2794 825 2875 quod
850 2792 936 2855 vitae
959 2797 1062 2879 genus
1080 2811 1142 2856 eum

151 2921 355 2990 praesentem
384 2908 580 2990 reipublicae
596 2907 706 2970 labem
726 2920 920 2983 testaretur,
939 2921 1015 2980 tum
1032 2911 1141 2992 impen-

150 3028 284 3088 dentem
296 3023 473 3105 pernioiem
484 3023 701 3104 portendebat
712 3021 740 3093 4.
764 3021 852 3108 Quin
865 3027 957 3090 haud
967 3025 1084 3090 aciem
1092 3042 1146 3088 non

152 3143 218 3207 eise
238 3140 257 3204 J
261 3140 328 3204 ovis
353 3139 418 3201 sive
440 3140 519 3201 alius
540 3141 732 3205 sententiam
755 3142 886 3206 ferentis
896 3141 959 3206 Dei
970 3164 1079 3208 versus
1097 3140 1145 3206 u‘t:

200 3258 274 3345 Quo
285 3255 456 3342 populum
480 3266 583 3341 atque
602 3257 720 3322 urbem
735 3271 840 3345 paeto
858 3262 1099 3348 servarepett'e
1107 3258 1147 3327 a'e

119 3431 122 3437 .
199 3374 361 3465 Ampliu'
385 3371 606 3440 Romanam⁵
629 3413 674 3425 -

190 3644 203 3680 ι
241 3632 356 3700 magn».
373 3628 400 3693 1,
420 3632 446 3683 6.

189 3740 206 3775 2
241 3722 310 3790 Sap.
329 3740 358 3788 ρ.
376 3723 421 3776 65.

182 3818 209 3887 ιὅ
243 3819 414 3871 Auctar-
433 3828 495 3887 post
516 3827 615 3875 Comm.
639 3827 719 3893 Cruq.
739 3841 766 3890 p.
785 3825 846 3894 691·

244 3908 421 3987 1¹90bess
437 3924 587 3969 memorato
606 3936 634 3987 p.
654 3919 697 3987 74.

222 4010 361 4093 „Quin
382 4013 484 4071 atur.
508 4017 582 4068 Inar.
606 4018 653 4072 Gr.
672 4014 702 4067 11
722 4033 749 4082 p.
770 4019 829 4089 176·
861 4019 889 4070 V
896 4020 906 4069 i
916 4034 966 4087 νς.
996 4020 1070 4071 [att.
1099 4021 1155 4068 vett.

216 4100 306 4171 tutio
323 4124 351 4175 p·
368 4126 412 4179 72·
448 4111 564 4164 Ducit.
585 4113 700 4181 Fragm.
720 4113 748 4176 1,
770 4113 797 4167 5.
