2580 4756
592 360 652 418 163

136 533 289 597 Servius:
328 530 420 598 «Sed
444 534 505 596 hoc
535 534 611 616 quia
642 533 812 616 indiguum
834 546 903 595 erat
924 535 1053 597 heroico
1075 556 1143 598 car·

136 651 245 724 mine,
266 649 407 714 mutauit
425 649 600 736 Virgilius,
632 662 665 713 et
685 649 812 712 induxit
831 650 941 731 primo
961 649 1078 715 lovem
1097 654 1144 714 lo·

136 778 295 851 quentem
326 768 366 830 de
398 767 589 850 interruptis
616 764 818 840 foederibus,
845 753 936 850 cujus
961 769 1143 832 orationem

133 884 312 967 interrupit
330 883 460 949 Venus:
485 897 557 967 post
575 898 684 947 secuta
695 882 831 947 lunonis
846 883 1049 962 uerbasunt,
1069 885 1146 968 qui-

131 1002 196 1083 bus
216 1002 385 1087 redarguit
401 1001 577 1068 Venerem.
594 1021 612 1064 r
636 1002 838 1086 Frequenter
860 1001 901 1064 ab
915 1002 1054 1084 antiquis
1067 1007 1143 1084 poe'-

133 1119 174 1184 tis
201 1117 350 1184 Deorum
363 1120 516 1202 ‚eoncilia
544 1121 584 1183 de
614 1119 711 1183 rebus
746 1119 897 1182 humanis
929 1118 1044 1183 haberi
1069 1121 1146 1185 licta

131 1248 223 1303 sunt.
257 1237 357 1300 Testis
380 1235 541 1302 Homerus
558 1235 716 1322 Odysseae
738 1236 831 1300 initio
852 1248 884 1300 et
906 1235 992 1299 libro
1012 1236 1141 1319 quinte,

135 1354 194 1417 uhi
224 1353 354 1418 absente
382 1353 537 1437 Neptuno
569 1354 736 1418 convocati
756 1353 809 1416 Dii
830 1356 870 1416 de
894 1353 1001 1445 reditu
1026 1352 1145 1442 Ulyssis

135 1469 328 1535 deliberant.
353 1471 464 1534 Etiam
488 1468 603 1536 Cicero
624 1471 658 1534 in
688 1470 853 1546 carmine,
879 1491 947 1556 quo
966 1469 1142 1541 celebravit

136 1590 343 1652 consulatum
365 1587 460 1651 illum
482 1607 591 1660 suum,
615 1588 791 1653 concilium
804 1588 951 1653 Deorum
963 1587 1103 1651 instituit
1115 1560 1145 1663 ¹,

126 1716 169 1771 ,et
193 1703 341 1767 Aeneidis
374 1703 459 1767 libro
478 1703 607 1767 decimo
627 1704 714 1767 idem
735 1704 832 1767 finxit
854 1703 1022 1788 Virgilius.
1054 1701 1148 1764 Post-

136 1842 174 1884 ea
198 1821 359 1884 Lucienus
384 1822 472 1884 Θεῶν
497 1818 664 1900 ἐκκλησίαν
687 1819 837 1900 scripsit,
851 1818 909 1899 ubi¹
933 1816 1061 1881 dicendi
1072 1836 1147 1898 par-

135 1952 183 2002 tes
202 1938 325 2001 habent
337 1936 487 2019 Jupiter,
512 1934 693 2000 Mercurius
705 1947 738 1997 et
758 1933 899 1998 Momus.
924 1934 1024 1996 Recte
1032 1945 1147 2014 ,autem

135 2054 166 2120 J.
192 2056 302 2118 Dousa
322 2056 442 2135 duplex
463 2074 482 2116 a
503 2052 629 2118 Lucilio
654 2053 803 2117 Deorum
827 2052 1000 2116 concilium
1022 2050 1148 2113 institu-

134 2184 212 2236 tum
241 2170 335 2232 fuisse
358 2168 573 2245 existimavit3
604 2168 719 2232 Jovern
738 2167 839 2250 priori
860 2188 926 2230 non
944 2165 1146 2239 interfuisse,

137 2287 255 2352 deinde
277 2286 454 2374 posteriore
484 2307 522 2348 ex
551 2285 663 2348 ceteris
691 2285 760 2364 Diis
792 2283 998 2368 cognovisse,
1029 2283 1148 2365 quibus

135 2406 175 2467 de
193 2401 290 2465 rebus
311 2414 343 2465 et
360 2422 427 2486 quo
445 2409 543 2483 pacto
560 2415 634 2464 ante
653 2401 833 2495 deliberare
845 2399 881 2461 iis
895 2399 1000 2462 visum
1019 2386 1147 2489 suisset,

128 2524 337 2604 molesteque
370 2519 477 2583 tulisse
495 2519 667 2605 pristinam
689 2517 868 2580 absentiam
894 2537 987 2578 suam
1000 2514 1026 2575 2.
1073 2514 1146 2599 Huc

135 2638 217 2703 vidit
247 2635 389 2723 Scaliger
411 2652 555 2718 spectare
585 2634 684 2700 verba
704 2630 998 2695 Pseudo-Asconii:
1026 2655 1042 2692 «
1056 2629 1146 2690 lnci-

135 2756 287 2840 piabant,
305 2754 365 2840 ait,
383 2765 522 2828 veteres,
535 2764 573 2814 ut
587 2749 743 2834 Virgilius
761 2747 911 2819 ostendit,
925 2759 982 2808 aut
995 2745 1036 2806 ab
1049 2746 1146 2808 invo-

138 2875 265 2957 catione
281 2873 428 2936 Deorum
453 2905 500 2918 -
522 2883 580 2933 aut
600 2865 848 2961 reprehensione
871 2864 1042 2946 superioris
1060 2879 1146 2927 tem-

135 2991 247 3074 poris,
282 3005 320 3054 ut
352 2989 398 3052 ait
427 2986 586 3051 Lucilius:
613 2984 748 3052 Vellem
772 3005 848 3046 eum
861 2985 996 3067 primis
1003 2982 1093 3077 fieri
1114 2987 1148 3057 si

127 3107 229 3194 forte
246 3110 396 3194 petisset
409 3105 436 3170 3.
451 3124 468 3164 »
494 3102 602 3188 Quem
629 3123 758 3166 versum
782 3101 869 3165 idern
892 3099 1053 3184 aptissime
1066 3123 1148 3168 con·

133 3227 248 3289 nexuit
279 3248 355 3289 cum
382 3224 509 3288 duobus
537 3223 622 3297 aliis,
656 3222 850 3304 quibuscum
889 3195 1147 3282 necessitasn-

133 3347 247 3408 haeret
262 3371 267 3403 :

135 3523 416 3537 —U—*flu

133 3629 157 3684 l.
177 3628 199 3679 l.
217 3647 257 3685 γε.
278 3631 321 3688 ιθ.
363 3631 451 3679 Totus
468 3627 522 3678 iste
539 3626 617 3678 locus
633 3635 676 3678 est
690 3641 725 3677 ex
739 3627 831 3698 primo
842 3624 962 3684 Lucilii,
981 3622 1057 3692 apud
1065 3639 1147 3694 quem

133 3726 329 3777 introducitur
346 3723 497 3775 concilium
514 3724 628 3774 deorum
646 3725 678 3773 de
696 3723 811 3772 interitu
830 3722 917 3789 Lupi.

169 3837 180 3870 ι
221 3819 274 3874 Cir.
294 3838 362 3888 (quac
383 3820 537 3871 notavimus
557 3825 583 3868 in
603 3820 673 3886 disq.
692 3821 723 3867 de
745 3820 791 3867 Cic
818 3824 911 3870 eum.
933 3834 960 3881 p.
979 3816 1013 3866 55
1029 3836 1092 3887 sqq.

171 3935 189 3968 2
224 3920 359 3970 Lucil.
380 3921 429 3969 Fr.
448 3936 476 3982 p.
497 3933 557 3970 tto.
874 3974 879 3986 Ι

173 4011 191 4062 5
224 4013 272 4063 Ad
291 4015 348 4070 Cic,
367 4014 502 4066 Divina
533 4012 575 4066 14.
614 4008 679 4077 (Ed.
703 4009 791 4062 Orell¹
814 4007 851 4069 V,
875 4031 909 4073 2,
932 4009 1006 4063 1153.
1030 4005 1142 4058 bricii.

124 4112 172 4180 fr,
196 4111 251 4164 inc.
272 4108 317 4159 58.

596 4207 657 4266 11*
