2580 4756
619 296 661 358 22

127 500 264 566 ,quoque
282 477 373 566 legis
390 479 501 540 istius
524 477 685 541 meminit
702 476 742 539 tn
760 472 818 563 bis
841 473 954 544 vertis
968 474 1160 563 (versibusjc

141 596 281 684 legem
300 594 478 658 vitemu’
501 589 701 658 Ltotntt.
721 589 836 676 Quum
848 594 888 658 dc
900 591 1014 659 ceteris
1028 592 1157 681 legibus·

134 693 328 778 strmtuariis
351 715 420 776 fere
443 720 567 802 constet
578 710 696 796 quibus
723 708 817 775 annis
836 710 1016 789 latuerint,
1039 713 1153 777 debuc

137 833 229 897 nullo
241 843 332 895 certo
343 829 464 894 indicio
474 828 590 913 liquet.
614 827 742 914 Bnylius
763 828 877 892 retulit
889 848 963 895 eam
974 831 1017 894 'ad
1027 851 1157 922 annum

137 948 268 1016 circiter
288 949 352 1014 657
378 944 474 1038 (97),
507 959 595 1012 ratus
619 969 638 1011 a
663 943 776 1012 Crasso
796 949 1054 1037 consulatuum
1079 970 1152 1015 esse.

137 1065 216 1151 Ejus
251 1065 445 1130 senteutiam
468 1085 576 1150 quum
599 1063 736 1148 plurimi
760 1076 862 1129 essent
881 1064 1007 1142 secuti,
1027 1067 1158 1136 disscu·.

136 1184 179 1249 sit
205 1183 344 1270 Veteres,
376 1183 434 1268 qui
448 1219 457 1274 ,
473 1184 587 1265 ,paulo
620 1182 716 1247 altius
733 1202 806 1260 reru
829 1195 1000 1268 repetens,
1021 1184 1154 1260 statuit,
1202 1178 1204 1233 i

139 1299 287 1368 aCrasso
305 1301 440 1367 tribuno
462 1300 564 1384 plebis
583 1321 650 1366 non
673 1301 821 1377 consule,
845 1300 984 1385 ideoque
999 1303 1155 1368 tredecim

141 1419 232 1485 annis
267 1432 343 1482 ante
379 1419 446 1484 644
473 1415 593 1508 (110),
625 1439 712 1503 ,qnae
734 1417 803 1501 ipsa
824 1403 1065 1506 Pighii'opinic
1088 1421 1157 1485 iue-

142 1550 218 1614 rat,
238 1538 341 1601 latam
370 1556 446 1602 esse.
500 1535 540 1602 Id
573 1535 696 1620 duplici
730 1549 929 1622 argumento
964 1540 1157 1620 persuadere

140 1667 297 1731 conatur,
322 1654 480 1740 quoniam
501 1666 535 1718 et
552 1650 780 1719 Sammonicus
811 1649 951 1721 Serenus
972 1656 1064 1737 apud
1085 1652 1159 1722 Ma-

142 1772 295 1839 crobium
314 1772 503 1860 plerasque
523 1771 722 1838 sumtuarias
742 1773 828 1857 leges
853 1771 1159 1856 apraetoribusaut

142 1891 283 1963 tribunis
302 1893 441 1974 perlatas
461 1912 526 1956 esse
542 1903 689 1967 testatur,
710 1901 744 1955 et
755 1887 803 1955 M.
816 1888 965 1966 Duroni,
989 1889 1048 1976 qui
1071 1908 1159 1966 sume
1197 1922 1201 1944 ·

144 2010 269 2074 tuariae
289 2009 368 2095 legis
383 2009 557 2097 (Licipiam
576 2005 750 2094 intelligit)¹
759 1983 920 2073 tollendae
934 2007 974 2073 in*
988 2007 1160 2080 tribunatu

144 2139 259 2192 auctor
292 2126 435 2202 dicitur,
466 2125 534 2208 ipse
563 2125 617 2191 bic
648 2125 856 2212 magistratus
884 2125 1019 2193 biennio
1039 2148 1159 2192 consu·

143 2246 251 2310 latum
272 2241 377 2310 Crassi
400 2242 613 2309 antecesserit.
652 2241 783 2308 Horum
811 2244 901 2329 prius
924 2257 1160 2332 argumentum

144 2383 213 2426 non
233 2363 381 2431 multum
405 2363 534 2438 valere,
556 2361 624 2445 ipse
645 2361 774 2428 sensisse
789 2362 919 2429 videtur
935 2362 1082 2451 Varges,
1104 2378 1161 2429 su·

145 2480 287 2563 spicatus
300 2476 563 2558 sammonicum,
575 2480 624 2550 ita
639 2480 932 2564 pronunciantem,
947 2481 990 2554 de
1009 2481 1080 2550 aliis
1093 2485 1163 2556 sor-

146 2613 226 2664 tasse
242 2598 368 2686 legibus
392 2598 546 2686 cogitasse
568 2599 788 2683 et·prioribus
807 2597 930 2665 Orchid
954 2612 989 2665 et
1010 2597 1162 2673 corneus

146 2716 389 2802 posterioribus.
435 2715 552 2802 Itaque
574 2717 655 2782 nihil
677 2716 805 2794 obstat,
829 2717 1005 2802 quominus
1028 2731 1096 2785 tres
1114 2722 1164 2785 lea·

146 2857 201 2921 ges
235 2836 416 2899 consulares
456 2835 552 2899 fuisse
580 2849 757 2919 putemus,
787 2835 968 2913 Fanniam,
1002 2835 1163 2905 Liciniam

148 2964 182 3015 et
203 2949 412 3016 Corneliam:
448 2948 514 3036 qua
541 2952 695 3035 opinione
712 2935 808 3020 salva
820 2953 883 3019 erit
899 2931 1102 3020 Sammonici
1127 2976 1164 3020 a·

147 3068 388 3145 nimadversio,
410 3088 479 3132 non
500 3089 613 3135 omnes
626 3084 756 3153 praeter
767 3070 929 3137 Fanniam
942 3117 951 3150 ,
966 3071 1165 3159 sedpleras:

148 3207 213 3274 que
234 3206 254 3249 a
276 3184 482 3269 praetoribus
504 3198 563 3250 aut
582 3185 722 3252 tribunis
742 3203 872 3276 rogatas
893 3211 971 3256 esse.
1016 3187 1084 3255 Sed
1106 3208 1165 3257 ac·-

152 3303 298 3369 curatius
320 3303 478 3387 perpendi
501 3316 651 3387 oportet,
677 3327 798 3372 verane
816 3307 882 3372 sint
901 3320 934 3372 et
956 3308 1050 3380 omni
1063 3308 1167 3376 dubio

150 3424 302 3508 majora,
335 3442 419 3506 quae
449 3423 490 3485 de
513 3420 637 3487 Licinia
667 3427 756 3508 apud
782 3424 952 3491 Valerium
978 3396 1167 3500 Maximum

148 3540 360 3627 intelligenda
379 3538 506 3622 scripsit
521 3539 656 3628 Varges.
681 3541 853 3608 Accessisse
874 3564 908 3608 se
930 3519 1169 3620 illeidemstass

152 3657 257 3722 tuenti
277 3656 498 3722 Bormanno2
521 3660 666 3737 fatetur,
682 3669 716 3726 et
729 3661 870 3744 probare
880 3675 1055 3747 propterea
1077 3665 1168 3749 quod

190 3955 202 3992 ι
244 3937 287 4001 lt,
307 3937 358 4002 ni,
377 3952 419 3990 ιο.

189 4057 205 4091 2
239 4038 283 4086 De
300 4035 375 4104 legg.
391 4044 530 4086 sumtuur·
549 4035 583 4087 h.
603 4036 634 4088 B.
656 4038 732 4093 1816.
