<?xml version="1.0" encoding="UTF-8"?>
<!DOCTYPE html PUBLIC "-//W3C//DTD XHTML 1.0 Transitional//EN"
    "http://www.w3.org/TR/xhtml1/DTD/xhtml1-transitional.dtd">
<html xmlns="http://www.w3.org/1999/xhtml" xml:lang="en" lang="en">
 <head>
  <title>
</title>
<meta http-equiv="Content-Type" content="text/html;charset=utf-8" />
  <meta name='ocr-system' content='tesseract 3.04.00' />
  <meta name='ocr-capabilities' content='ocr_page ocr_carea ocr_par ocr_line ocrx_word'/>
</head>
<body>
  <div class='ocr_page' id='page_1' title='image "./studiacriticain00heusgoog_0025.png"; bbox 0 0 2580 4756; ppageno 0'>
   <div class='ocr_carea' id='block_1_1' title="bbox 627 340 669 402">
    <p class='ocr_par' dir='ltr' id='par_1_1' title="bbox 627 340 669 402">
     <span class='ocr_line' id='line_1_1' title="bbox 627 340 669 402; baseline -0.024 0"><span class='ocrx_word' id='word_1_1' title='bbox 627 340 669 402; x_wconf 81' lang='lat'><strong>14</strong></span> 
     </span>
    </p>
   </div>
   <div class='ocr_carea' id='block_1_2' title="bbox 54 516 1185 1316">
    <p class='ocr_par' dir='ltr' id='par_1_2' title="bbox 54 516 1185 1316">
     <span class='ocr_line' id='line_1_2' title="bbox 134 516 1185 607; baseline -0.003 -21"><span class='ocrx_word' id='word_1_2' title='bbox 134 517 257 607; x_wconf 75' lang='lat' dir='ltr'><strong>Varges</strong></span> <span class='ocrx_word' id='word_1_3' title='bbox 285 539 324 583; x_wconf 85' lang='lat' dir='ltr'><strong>ex</strong></span> <span class='ocrx_word' id='word_1_4' title='bbox 357 518 427 602; x_wconf 89' lang='lat' dir='ltr'><strong>ipso</strong></span> <span class='ocrx_word' id='word_1_5' title='bbox 449 518 596 584; x_wconf 78' lang='lat' dir='ltr'><strong>virorum</strong></span> <span class='ocrx_word' id='word_1_6' title='bbox 618 516 767 603; x_wconf 73' lang='lat' dir='ltr'><strong>ingenio,</strong></span> <span class='ocrx_word' id='word_1_7' title='bbox 790 516 880 603; x_wconf 88' lang='lat' dir='ltr'><strong>quod</strong></span> <span class='ocrx_word' id='word_1_8' title='bbox 901 517 942 582; x_wconf 89' lang='lat' dir='ltr'><strong>ad</strong></span> <span class='ocrx_word' id='word_1_9' title='bbox 963 516 1141 585; x_wconf 83' lang='lat' dir='ltr'><strong>mirificam</strong></span> <span class='ocrx_word' id='word_1_10' title='bbox 1183 603 1185 607; x_wconf 10' lang='grc' dir='ltr'><em>Α</em></span> 
     </span>
     <span class='ocr_line' id='line_1_3' title="bbox 136 635 1145 714; baseline -0.003 -7"><span class='ocrx_word' id='word_1_11' title='bbox 136 661 177 707; x_wconf 84' lang='lat' dir='ltr'><strong>ex</strong></span> <span class='ocrx_word' id='word_1_12' title='bbox 199 639 284 706; x_wconf 79' lang='lat' dir='ltr'><strong>ritae</strong></span> <span class='ocrx_word' id='word_1_13' title='bbox 306 638 474 705; x_wconf 86' lang='lat' dir='ltr'><strong>severitate</strong></span> <span class='ocrx_word' id='word_1_14' title='bbox 497 635 694 703; x_wconf 86' lang='lat' dir='ltr'><strong>hilaritatem</strong></span> <span class='ocrx_word' id='word_1_15' title='bbox 717 636 854 704; x_wconf 77' lang='lat' dir='ltr'><strong>diffundi</strong></span> <span class='ocrx_word' id='word_1_16' title='bbox 876 637 1019 714; x_wconf 89' lang='lat' dir='ltr'><strong>solebat,</strong></span> <span class='ocrx_word' id='word_1_17' title='bbox 1042 641 1145 705; x_wconf 86' lang='lat' dir='ltr'><strong>refel-</strong></span> 
     </span>
     <span class='ocr_line' id='line_1_4' title="bbox 134 751 1142 842; baseline 0.001 -20"><span class='ocrx_word' id='word_1_18' title='bbox 134 759 195 835; x_wconf 89' lang='lat' dir='ltr'><strong>lit,</strong></span> <span class='ocrx_word' id='word_1_19' title='bbox 226 770 265 823; x_wconf 88' lang='lat' dir='ltr'><strong>ut</strong></span> <span class='ocrx_word' id='word_1_20' title='bbox 292 756 375 823; x_wconf 89' lang='lat' dir='ltr'><strong>nihil</strong></span> <span class='ocrx_word' id='word_1_21' title='bbox 401 756 492 823; x_wconf 90' lang='lat' dir='ltr'><strong>dubii</strong></span> <span class='ocrx_word' id='word_1_22' title='bbox 513 767 664 832; x_wconf 87' lang='lat' dir='ltr'><strong>maneat,</strong></span> <span class='ocrx_word' id='word_1_23' title='bbox 686 751 774 842; x_wconf 84' lang='lat' dir='ltr'><strong>quin</strong></span> <span class='ocrx_word' id='word_1_24' title='bbox 791 775 863 820; x_wconf 88' lang='lat' dir='ltr'><strong>eam</strong></span> <span class='ocrx_word' id='word_1_25' title='bbox 885 755 1142 842; x_wconf 82' lang='lat' dir='ltr'><strong>familiaritatem</strong></span> 
     </span>
     <span class='ocr_line' id='line_1_5' title="bbox 135 873 1142 961; baseline 0 -21"><span class='ocrx_word' id='word_1_26' title='bbox 135 879 170 942; x_wconf 87' lang='lat' dir='ltr'><strong>in</strong></span> <span class='ocrx_word' id='word_1_27' title='bbox 209 875 325 941; x_wconf 86' lang='lat' dir='ltr'><strong>Lucilii</strong></span> <span class='ocrx_word' id='word_1_28' title='bbox 366 875 541 961; x_wconf 88' lang='lat' dir='ltr'><strong>pueritiam</strong></span> <span class='ocrx_word' id='word_1_29' title='bbox 569 873 714 940; x_wconf 73' lang='lat' dir='ltr'><strong>incidisse</strong></span> <span class='ocrx_word' id='word_1_30' title='bbox 740 886 930 943; x_wconf 74' lang='lat' dir='ltr'><strong>statuamus.</strong></span> <span class='ocrx_word' id='word_1_31' title='bbox 986 873 1142 941; x_wconf 80' lang='lat' dir='ltr'><strong>Alterum</strong></span> 
     </span>
     <span class='ocr_line' id='line_1_6' title="bbox 55 991 1142 1083; baseline -0.003 -22"><span class='ocrx_word' id='word_1_32' title='bbox 55 1009 59 1021; x_wconf 92' lang='grc'><em>’</em></span> <span class='ocrx_word' id='word_1_33' title='bbox 134 1015 212 1061; x_wconf 80' lang='lat' dir='ltr'><strong>vero</strong></span> <span class='ocrx_word' id='word_1_34' title='bbox 240 995 369 1083; x_wconf 72' lang='lat' dir='ltr'><strong>gratim</strong></span> <span class='ocrx_word' id='word_1_35' title='bbox 398 995 538 1060; x_wconf 80' lang='lat' dir='ltr'><strong>videtur.</strong></span> <span class='ocrx_word' id='word_1_36' title='bbox 582 991 667 1059; x_wconf 88' lang='lat' dir='ltr'><strong>Nam</strong></span> <span class='ocrx_word' id='word_1_37' title='bbox 697 1013 736 1059; x_wconf 87' lang='lat' dir='ltr'><strong>cx</strong></span> <span class='ocrx_word' id='word_1_38' title='bbox 766 991 892 1058; x_wconf 88' lang='lat' dir='ltr'><strong>Horatii</strong></span> <span class='ocrx_word' id='word_1_39' title='bbox 915 991 1060 1058; x_wconf 71' lang='lat' dir='ltr'><strong>svarais</strong></span> <span class='ocrx_word' id='word_1_40' title='bbox 1090 997 1142 1058; x_wconf 88' lang='lat' dir='ltr'><strong>ef-</strong></span> 
     </span>
     <span class='ocr_line' id='line_1_7' title="bbox 54 1110 1142 1198; baseline 0.006 -27"><span class='ocrx_word' id='word_1_41' title='bbox 54 1165 56 1171; x_wconf 26' lang='lat' dir='ltr'><strong>f</strong></span> <span class='ocrx_word' id='word_1_42' title='bbox 136 1113 210 1179; x_wconf 81' lang='lat' dir='ltr'><strong>ficit</strong></span> <span class='ocrx_word' id='word_1_43' title='bbox 245 1111 481 1189; x_wconf 87' lang='lat' dir='ltr'><strong>Wuellnerus,</strong></span> <span class='ocrx_word' id='word_1_44' title='bbox 516 1111 704 1188; x_wconf 83' lang='lat' dir='ltr'><strong>Lucilium,</strong></span> <span class='ocrx_word' id='word_1_45' title='bbox 729 1131 795 1198; x_wconf 92' lang='lat' dir='ltr'><strong>quo</strong></span> <span class='ocrx_word' id='word_1_46' title='bbox 817 1123 965 1198; x_wconf 78' lang='lat' dir='ltr'><strong>tempore</strong></span> <span class='ocrx_word' id='word_1_47' title='bbox 988 1110 1044 1176; x_wconf 84' lang='lat' dir='ltr'><strong>illa</strong></span> <span class='ocrx_word' id='word_1_48' title='bbox 1057 1133 1142 1198; x_wconf 79' lang='lat' dir='ltr'><strong>gau·</strong></span> 
     </span>
     <span class='ocr_line' id='line_1_8' title="bbox 137 1212 1143 1316; baseline -0.001 -18"><span class='ocrx_word' id='word_1_49' title='bbox 137 1234 228 1298; x_wconf 89' lang='lat' dir='ltr'><strong>deret</strong></span> <span class='ocrx_word' id='word_1_50' title='bbox 250 1231 351 1304; x_wconf 86' lang='lat' dir='ltr'><strong>Laelii</strong></span> <span class='ocrx_word' id='word_1_51' title='bbox 372 1245 406 1297; x_wconf 88' lang='lat' dir='ltr'><strong>et</strong></span> <span class='ocrx_word' id='word_1_52' title='bbox 426 1228 582 1315; x_wconf 83' lang='lat' dir='ltr'><strong>Scipionis</strong></span> <span class='ocrx_word' id='word_1_53' title='bbox 612 1229 791 1297; x_wconf 87' lang='lat' dir='ltr'><strong>honorifica</strong></span> <span class='ocrx_word' id='word_1_54' title='bbox 813 1212 1052 1308; x_wconf 84' lang='lat' dir='ltr'><strong>familiaritate,</strong></span> <span class='ocrx_word' id='word_1_55' title='bbox 1072 1233 1143 1316; x_wconf 89' lang='lat' dir='ltr'><strong>jam</strong></span> 
     </span>
    </p>
   </div>
   <div class='ocr_carea' id='block_1_3' title="bbox 27 1348 1142 1438">
    <p class='ocr_par' dir='ltr' id='par_1_3' title="bbox 27 1348 1142 1438">
     <span class='ocr_line' id='line_1_9' title="bbox 27 1348 1142 1438; baseline -0.003 -21"><span class='ocrx_word' id='word_1_56' title='bbox 27 1394 29 1399; x_wconf 92' lang='lat'>-</span> <span class='ocrx_word' id='word_1_57' title='bbox 136 1352 281 1418; x_wconf 84' lang='lat' dir='ltr'><strong>carmina</strong></span> <span class='ocrx_word' id='word_1_58' title='bbox 302 1351 515 1437; x_wconf 85' lang='lat' dir='ltr'><strong>composuisse</strong></span> <span class='ocrx_word' id='word_1_59' title='bbox 537 1370 758 1438; x_wconf 73' lang='lat' dir='ltr'><strong>magnamque</strong></span> <span class='ocrx_word' id='word_1_60' title='bbox 779 1360 813 1415; x_wconf 86' lang='lat' dir='ltr'><strong>et</strong></span> <span class='ocrx_word' id='word_1_61' title='bbox 834 1348 972 1436; x_wconf 78' lang='lat' dir='ltr'><strong>gloriam</strong></span> <span class='ocrx_word' id='word_1_62' title='bbox 983 1350 1142 1436; x_wconf 89' lang='lat' dir='ltr'><strong>adeptum</strong></span> 
     </span>
    </p>
   </div>
   <div class='ocr_carea' id='block_1_4' title="bbox 135 1467 1144 3940">
    <p class='ocr_par' dir='ltr' id='par_1_4' title="bbox 135 1467 1144 3940">
     <span class='ocr_line' id='line_1_10' title="bbox 136 1467 1142 1556; baseline -0.002 -19"><span class='ocrx_word' id='word_1_63' title='bbox 136 1492 201 1537; x_wconf 85' lang='lat' dir='ltr'><strong>csse</strong></span> <span class='ocrx_word' id='word_1_64' title='bbox 229 1483 263 1535; x_wconf 91' lang='lat' dir='ltr'><strong>et</strong></span> <span class='ocrx_word' id='word_1_65' title='bbox 290 1491 368 1537; x_wconf 81' lang='lat' dir='ltr'><strong>vero</strong></span> <span class='ocrx_word' id='word_1_66' title='bbox 400 1469 559 1535; x_wconf 90' lang='lat' dir='ltr'><strong>scribendi</strong></span> <span class='ocrx_word' id='word_1_67' title='bbox 589 1469 739 1536; x_wconf 89' lang='lat' dir='ltr'><strong>libertate</strong></span> <span class='ocrx_word' id='word_1_68' title='bbox 761 1480 795 1534; x_wconf 88' lang='lat' dir='ltr'><strong>et</strong></span> <span class='ocrx_word' id='word_1_69' title='bbox 816 1467 950 1533; x_wconf 87' lang='lat' dir='ltr'><strong>audacia</strong></span> <span class='ocrx_word' id='word_1_70' title='bbox 971 1467 1142 1556; x_wconf 76' lang='lat' dir='ltr'><strong>ingentem</strong></span> 
     </span>
     <span class='ocr_line' id='line_1_11' title="bbox 136 1569 1142 1676; baseline -0.002 -22"><span class='ocrx_word' id='word_1_71' title='bbox 136 1569 265 1655; x_wconf 88' lang='lat' dir='ltr'><strong>metum</strong></span> <span class='ocrx_word' id='word_1_72' title='bbox 296 1588 418 1656; x_wconf 82' lang='lat' dir='ltr'><strong>civibus</strong></span> <span class='ocrx_word' id='word_1_73' title='bbox 439 1587 590 1673; x_wconf 85' lang='lat' dir='ltr'><strong>injecisse.</strong></span> <span class='ocrx_word' id='word_1_74' title='bbox 645 1586 742 1676; x_wconf 91' lang='lat' dir='ltr'><strong>Quod</strong></span> <span class='ocrx_word' id='word_1_75' title='bbox 765 1608 885 1676; x_wconf 72' lang='lat' dir='ltr'><strong>negans</strong></span> <span class='ocrx_word' id='word_1_76' title='bbox 905 1586 977 1652; x_wconf 89' lang='lat' dir='ltr'><strong>fieri</strong></span> <span class='ocrx_word' id='word_1_77' title='bbox 1000 1586 1142 1671; x_wconf 88' lang='lat' dir='ltr'><strong>potuisse</strong></span> 
     </span>
     <span class='ocr_line' id='line_1_12' title="bbox 137 1706 1142 1797; baseline -0.005 -22"><span class='ocrx_word' id='word_1_78' title='bbox 137 1733 157 1775; x_wconf 92' lang='lat' dir='ltr'><strong>a</strong></span> <span class='ocrx_word' id='word_1_79' title='bbox 172 1712 292 1795; x_wconf 85' lang='lat' dir='ltr'><strong>juvene</strong></span> <span class='ocrx_word' id='word_1_80' title='bbox 314 1708 429 1797; x_wconf 74' lang='lat' dir='ltr'><strong>viginti</strong></span> <span class='ocrx_word' id='word_1_81' title='bbox 449 1708 541 1774; x_wconf 89' lang='lat' dir='ltr'><strong>annis</strong></span> <span class='ocrx_word' id='word_1_82' title='bbox 561 1707 690 1774; x_wconf 88' lang='lat' dir='ltr'><strong>minore</strong></span> <span class='ocrx_word' id='word_1_83' title='bbox 707 1708 775 1774; x_wconf 90' lang='lat' dir='ltr'><strong>sine</strong></span> <span class='ocrx_word' id='word_1_84' title='bbox 793 1706 886 1796; x_wconf 79' lang='lat' dir='ltr'><strong>gravi</strong></span> <span class='ocrx_word' id='word_1_85' title='bbox 901 1706 1142 1791; x_wconf 89' lang='lat' dir='ltr'><strong>imprudentiae</strong></span> 
     </span>
     <span class='ocr_line' id='line_1_13' title="bbox 139 1825 1144 1915; baseline -0.002 -23"><span class='ocrx_word' id='word_1_86' title='bbox 139 1829 352 1915; x_wconf 86' lang='lat' dir='ltr'><strong>licentiaeque</strong></span> <span class='ocrx_word' id='word_1_87' title='bbox 375 1828 568 1905; x_wconf 81' lang='lat' dir='ltr'><strong>offensione,</strong></span> <span class='ocrx_word' id='word_1_88' title='bbox 603 1840 706 1894; x_wconf 85' lang='lat' dir='ltr'><strong>aetate</strong></span> <span class='ocrx_word' id='word_1_89' title='bbox 725 1829 796 1913; x_wconf 88' lang='lat' dir='ltr'><strong>jam</strong></span> <span class='ocrx_word' id='word_1_90' title='bbox 813 1825 1056 1912; x_wconf 80' lang='lat' dir='ltr'><strong>provectiorem</strong></span> <span class='ocrx_word' id='word_1_91' title='bbox 1079 1827 1144 1890; x_wconf 86' lang='lat' dir='ltr'><strong>boc</strong></span> 
     </span>
     <span class='ocr_line' id='line_1_14' title="bbox 139 1940 1140 2034; baseline -0.005 -22"><span class='ocrx_word' id='word_1_92' title='bbox 139 1967 220 2031; x_wconf 90' lang='lat' dir='ltr'><strong>opus</strong></span> <span class='ocrx_word' id='word_1_93' title='bbox 252 1967 437 2034; x_wconf 74' lang='lat' dir='ltr'><strong>aggressum</strong></span> <span class='ocrx_word' id='word_1_94' title='bbox 459 1967 541 2024; x_wconf 89' lang='lat' dir='ltr'><strong>esse,</strong></span> <span class='ocrx_word' id='word_1_95' title='bbox 574 1948 663 2033; x_wconf 91' lang='lat' dir='ltr'><strong>quod</strong></span> <span class='ocrx_word' id='word_1_96' title='bbox 692 1968 754 2013; x_wconf 90' lang='lat' dir='ltr'><strong>nec</strong></span> <span class='ocrx_word' id='word_1_97' title='bbox 776 1945 885 2011; x_wconf 87' lang='lat' dir='ltr'><strong>Laelio</strong></span> <span class='ocrx_word' id='word_1_98' title='bbox 906 1966 967 2011; x_wconf 91' lang='lat' dir='ltr'><strong>nec</strong></span> <span class='ocrx_word' id='word_1_99' title='bbox 996 1940 1140 2027; x_wconf 86' lang='lat' dir='ltr'><strong>Scipioni</strong></span> 
     </span>
     <span class='ocr_line' id='line_1_15' title="bbox 137 2063 1138 2149; baseline -0.003 -19"><span class='ocrx_word' id='word_1_100' title='bbox 137 2065 339 2149; x_wconf 89' lang='lat' dir='ltr'><strong>displiceret,</strong></span> <span class='ocrx_word' id='word_1_101' title='bbox 372 2064 531 2149; x_wconf 88' lang='lat' dir='ltr'><strong>perhibet.</strong></span> <span class='ocrx_word' id='word_1_102' title='bbox 578 2066 617 2130; x_wconf 93' lang='lat' dir='ltr'><strong>In</strong></span> <span class='ocrx_word' id='word_1_103' title='bbox 650 2066 699 2132; x_wconf 92' lang='lat' dir='ltr'><strong>his</strong></span> <span class='ocrx_word' id='word_1_104' title='bbox 730 2064 907 2136; x_wconf 68' lang='lat' dir='ltr'><strong>refutandis</strong></span> <span class='ocrx_word' id='word_1_105' title='bbox 927 2063 972 2128; x_wconf 88' lang='lat' dir='ltr'><strong>ita</strong></span> <span class='ocrx_word' id='word_1_106' title='bbox 990 2075 1138 2129; x_wconf 80' lang='lat' dir='ltr'><strong>versatur</strong></span> 
     </span>
     <span class='ocr_line' id='line_1_16' title="bbox 135 2180 1143 2271; baseline -0.006 -20"><span class='ocrx_word' id='word_1_107' title='bbox 135 2184 280 2271; x_wconf 80' lang='lat' dir='ltr'><strong>Varges,</strong></span> <span class='ocrx_word' id='word_1_108' title='bbox 312 2195 350 2248; x_wconf 91' lang='lat' dir='ltr'><strong>ut</strong></span> <span class='ocrx_word' id='word_1_109' title='bbox 383 2182 562 2266; x_wconf 90' lang='lat' dir='ltr'><strong>suspicetur</strong></span> <span class='ocrx_word' id='word_1_110' title='bbox 588 2184 755 2267; x_wconf 89' lang='lat' dir='ltr'><strong>primum,</strong></span> <span class='ocrx_word' id='word_1_111' title='bbox 790 2182 962 2248; x_wconf 84' lang='lat' dir='ltr'><strong>Horatium</strong></span> <span class='ocrx_word' id='word_1_112' title='bbox 996 2180 1143 2246; x_wconf 86' lang='lat' dir='ltr'><strong>retulisse</strong></span> 
     </span>
     <span class='ocr_line' id='line_1_17' title="bbox 137 2300 1140 2398; baseline 0.006 -28"><span class='ocrx_word' id='word_1_113' title='bbox 137 2306 178 2383; x_wconf 81' lang='lat' dir='ltr'><strong>ad</strong></span> <span class='ocrx_word' id='word_1_114' title='bbox 200 2316 330 2393; x_wconf 81' lang='lat' dir='ltr'><strong>tempus</strong></span> <span class='ocrx_word' id='word_1_115' title='bbox 349 2300 495 2386; x_wconf 90' lang='lat' dir='ltr'><strong>superius</strong></span> <span class='ocrx_word' id='word_1_116' title='bbox 514 2324 573 2380; x_wconf 85' lang='lat' dir='ltr'><strong>aa,</strong></span> <span class='ocrx_word' id='word_1_117' title='bbox 597 2325 681 2390; x_wconf 87' lang='lat' dir='ltr'><strong>quac</strong></span> <span class='ocrx_word' id='word_1_118' title='bbox 702 2304 853 2384; x_wconf 88' lang='lat' dir='ltr'><strong>Lucilius,</strong></span> <span class='ocrx_word' id='word_1_119' title='bbox 878 2307 986 2375; x_wconf 88' lang='lat' dir='ltr'><strong>Laelio</strong></span> <span class='ocrx_word' id='word_1_120' title='bbox 1004 2311 1140 2398; x_wconf 89' lang='lat' dir='ltr'><strong>quidem</strong></span> 
     </span>
     <span class='ocr_line' id='line_1_18' title="bbox 136 2418 1142 2510; baseline 0.004 -19"><span class='ocrx_word' id='word_1_121' title='bbox 136 2422 307 2510; x_wconf 86' lang='lat' dir='ltr'><strong>superstite</strong></span> <span class='ocrx_word' id='word_1_122' title='bbox 328 2423 382 2487; x_wconf 92' lang='lat' dir='ltr'><strong>sed</strong></span> <span class='ocrx_word' id='word_1_123' title='bbox 404 2433 536 2487; x_wconf 87' lang='lat' dir='ltr'><strong>mortuo</strong></span> <span class='ocrx_word' id='word_1_124' title='bbox 548 2418 717 2509; x_wconf 85' lang='lat' dir='ltr'><strong>Scipione,</strong></span> <span class='ocrx_word' id='word_1_125' title='bbox 737 2424 918 2510; x_wconf 88' lang='lat' dir='ltr'><strong>scripsisset,</strong></span> <span class='ocrx_word' id='word_1_126' title='bbox 930 2440 1003 2494; x_wconf 87' lang='lat' dir='ltr'><strong>tum</strong></span> <span class='ocrx_word' id='word_1_127' title='bbox 1016 2431 1142 2508; x_wconf 76' lang='lat' dir='ltr'><strong>doceat,</strong></span> 
     </span>
     <span class='ocr_line' id='line_1_19' title="bbox 137 2539 1140 2615; baseline 0.004 -4"><span class='ocrx_word' id='word_1_128' title='bbox 137 2543 237 2611; x_wconf 87' lang='lat' dir='ltr'><strong>etiam</strong></span> <span class='ocrx_word' id='word_1_129' title='bbox 265 2540 356 2608; x_wconf 67' lang='lat' dir='ltr'><strong>salu</strong></span> <span class='ocrx_word' id='word_1_130' title='bbox 388 2539 513 2607; x_wconf 82' lang='lat' dir='ltr'><strong>Horatii</strong></span> <span class='ocrx_word' id='word_1_131' title='bbox 543 2542 608 2608; x_wconf 87' lang='lat' dir='ltr'><strong>fide</strong></span> <span class='ocrx_word' id='word_1_132' title='bbox 635 2555 669 2611; x_wconf 90' lang='lat' dir='ltr'><strong>et</strong></span> <span class='ocrx_word' id='word_1_133' title='bbox 689 2545 882 2612; x_wconf 87' lang='lat' dir='ltr'><strong>auctoritate</strong></span> <span class='ocrx_word' id='word_1_134' title='bbox 904 2548 985 2612; x_wconf 86' lang='lat' dir='ltr'><strong>nihil</strong></span> <span class='ocrx_word' id='word_1_135' title='bbox 1007 2549 1140 2615; x_wconf 88' lang='lat' dir='ltr'><strong>absurdi</strong></span> 
     </span>
     <span class='ocr_line' id='line_1_20' title="bbox 137 2660 1139 2748; baseline 0.003 -17"><span class='ocrx_word' id='word_1_136' title='bbox 137 2686 288 2743; x_wconf 84' lang='lat' dir='ltr'><strong>rnanere3</strong></span> <span class='ocrx_word' id='word_1_137' title='bbox 312 2664 427 2748; x_wconf 85' lang='lat' dir='ltr'><strong>procul</strong></span> <span class='ocrx_word' id='word_1_138' title='bbox 464 2661 564 2728; x_wconf 90' lang='lat' dir='ltr'><strong>dubio</strong></span> <span class='ocrx_word' id='word_1_139' title='bbox 591 2663 679 2729; x_wconf 88' lang='lat' dir='ltr'><strong>enim</strong></span> <span class='ocrx_word' id='word_1_140' title='bbox 708 2660 894 2748; x_wconf 90' lang='lat' dir='ltr'><strong>Scipionem</strong></span> <span class='ocrx_word' id='word_1_141' title='bbox 914 2679 946 2731; x_wconf 89' lang='lat' dir='ltr'><strong>et</strong></span> <span class='ocrx_word' id='word_1_142' title='bbox 968 2667 1139 2746; x_wconf 89' lang='lat' dir='ltr'><strong>Laelium,</strong></span> 
     </span>
     <span class='ocr_line' id='line_1_21' title="bbox 138 2781 1141 2873; baseline 0.003 -22"><span class='ocrx_word' id='word_1_143' title='bbox 138 2783 366 2852; x_wconf 86' lang='lat' dir='ltr'><strong>adolescentuli</strong></span> <span class='ocrx_word' id='word_1_144' title='bbox 408 2781 644 2850; x_wconf 88' lang='lat' dir='ltr'><strong>admirabiliter</strong></span> <span class='ocrx_word' id='word_1_145' title='bbox 674 2785 803 2873; x_wconf 75' lang='lat' dir='ltr'><strong>ingenio</strong></span> <span class='ocrx_word' id='word_1_146' title='bbox 837 2798 870 2852; x_wconf 86' lang='lat' dir='ltr'><strong>et</strong></span> <span class='ocrx_word' id='word_1_147' title='bbox 889 2786 1046 2854; x_wconf 88' lang='lat' dir='ltr'><strong>&#39;moribus</strong></span> <span class='ocrx_word' id='word_1_148' title='bbox 1080 2791 1141 2854; x_wconf 87' lang='lat' dir='ltr'><strong>dc·</strong></span> 
     </span>
     <span class='ocr_line' id='line_1_22' title="bbox 137 2899 1142 2993; baseline 0.006 -27"><span class='ocrx_word' id='word_1_149' title='bbox 137 2904 290 2977; x_wconf 77' lang='lat' dir='ltr'><strong>laetatos,</strong></span> <span class='ocrx_word' id='word_1_150' title='bbox 313 2899 420 2966; x_wconf 79' lang='lat' dir='ltr'><strong>faciles</strong></span> <span class='ocrx_word' id='word_1_151' title='bbox 442 2901 484 2965; x_wconf 84' lang='lat' dir='ltr'><strong>ad</strong></span> <span class='ocrx_word' id='word_1_152' title='bbox 506 2905 756 2969; x_wconf 86' lang='lat' dir='ltr'><strong>condonandum</strong></span> <span class='ocrx_word' id='word_1_153' title='bbox 780 2905 875 2971; x_wconf 87' lang='lat' dir='ltr'><strong>aetati</strong></span> <span class='ocrx_word' id='word_1_154' title='bbox 900 2907 1014 2984; x_wconf 83' lang='lat' dir='ltr'><strong>fuisse,</strong></span> <span class='ocrx_word' id='word_1_155' title='bbox 1040 2909 1142 2993; x_wconf 89' lang='lat' dir='ltr'><strong>quid-</strong></span> 
     </span>
     <span class='ocr_line' id='line_1_23' title="bbox 139 3018 1140 3111; baseline 0.009 -27"><span class='ocrx_word' id='word_1_156' title='bbox 139 3021 218 3107; x_wconf 89' lang='lat' dir='ltr'><strong>quid</strong></span> <span class='ocrx_word' id='word_1_157' title='bbox 252 3018 472 3087; x_wconf 89' lang='lat' dir='ltr'><strong>inclarescenti</strong></span> <span class='ocrx_word' id='word_1_158' title='bbox 503 3024 617 3104; x_wconf 68' lang='lat' dir='ltr'><strong>poetae</strong></span> <span class='ocrx_word' id='word_1_159' title='bbox 650 3021 754 3088; x_wconf 87' lang='lat' dir='ltr'><strong>acrius</strong></span> <span class='ocrx_word' id='word_1_160' title='bbox 775 3025 981 3111; x_wconf 90' lang='lat' dir='ltr'><strong>amariusque</strong></span> <span class='ocrx_word' id='word_1_161' title='bbox 1012 3026 1140 3093; x_wconf 92' lang='lat' dir='ltr'><strong>dictum</strong></span> 
     </span>
     <span class='ocr_line' id='line_1_24' title="bbox 137 3137 1139 3225; baseline 0.008 -21"><span class='ocrx_word' id='word_1_162' title='bbox 137 3140 314 3205; x_wconf 87' lang='lat' dir='ltr'><strong>excidisset.</strong></span> <span class='ocrx_word' id='word_1_163' title='bbox 359 3137 440 3204; x_wconf 89' lang='lat' dir='ltr'><strong>Mihi</strong></span> <span class='ocrx_word' id='word_1_164' title='bbox 472 3159 550 3204; x_wconf 80' lang='lat' dir='ltr'><strong>vero</strong></span> <span class='ocrx_word' id='word_1_165' title='bbox 583 3140 680 3225; x_wconf 90' lang='lat' dir='ltr'><strong>ipsius</strong></span> <span class='ocrx_word' id='word_1_166' title='bbox 710 3142 790 3207; x_wconf 91' lang='lat' dir='ltr'><strong>belli</strong></span> <span class='ocrx_word' id='word_1_167' title='bbox 822 3144 982 3210; x_wconf 84' lang='lat' dir='ltr'><strong>rationem</strong></span> <span class='ocrx_word' id='word_1_168' title='bbox 1004 3145 1139 3213; x_wconf 88' lang='lat' dir='ltr'><strong>habenti</strong></span> 
     </span>
     <span class='ocr_line' id='line_1_25' title="bbox 137 3259 1140 3348; baseline 0.008 -22"><span class='ocrx_word' id='word_1_169' title='bbox 137 3261 219 3327; x_wconf 89' lang='lat' dir='ltr'><strong>nihil</strong></span> <span class='ocrx_word' id='word_1_170' title='bbox 252 3261 379 3326; x_wconf 90' lang='lat' dir='ltr'><strong>obstare</strong></span> <span class='ocrx_word' id='word_1_171' title='bbox 401 3259 551 3338; x_wconf 80' lang='lat' dir='ltr'><strong>videtur,</strong></span> <span class='ocrx_word' id='word_1_172' title='bbox 571 3263 744 3348; x_wconf 89' lang='lat' dir='ltr'><strong>quominus</strong></span> <span class='ocrx_word' id='word_1_173' title='bbox 767 3262 891 3331; x_wconf 85' lang='lat' dir='ltr'><strong>Horatii</strong></span> <span class='ocrx_word' id='word_1_174' title='bbox 914 3267 1140 3334; x_wconf 85' lang='lat' dir='ltr'><strong>testimonium</strong></span> 
     </span>
     <span class='ocr_line' id='line_1_26' title="bbox 137 3380 1136 3472; baseline 0.006 -26"><span class='ocrx_word' id='word_1_175' title='bbox 137 3380 341 3446; x_wconf 90' lang='lat' dir='ltr'><strong>verissimum</strong></span> <span class='ocrx_word' id='word_1_176' title='bbox 368 3397 432 3446; x_wconf 85' lang='lat' dir='ltr'><strong>esse</strong></span> <span class='ocrx_word' id='word_1_177' title='bbox 453 3393 653 3458; x_wconf 86' lang='lat' dir='ltr'><strong>statuamus,</strong></span> <span class='ocrx_word' id='word_1_178' title='bbox 676 3405 737 3449; x_wconf 91' lang='lat' dir='ltr'><strong>nec</strong></span> <span class='ocrx_word' id='word_1_179' title='bbox 757 3397 886 3450; x_wconf 87' lang='lat' dir='ltr'><strong>tantum</strong></span> <span class='ocrx_word' id='word_1_180' title='bbox 909 3399 982 3451; x_wconf 89' lang='lat' dir='ltr'><strong>ante</strong></span> <span class='ocrx_word' id='word_1_181' title='bbox 1007 3385 1136 3472; x_wconf 89' lang='lat' dir='ltr'><strong>Scipio-</strong></span> 
     </span>
     <span class='ocr_line' id='line_1_27' title="bbox 138 3498 1142 3590; baseline 0.01 -28"><span class='ocrx_word' id='word_1_182' title='bbox 138 3498 189 3562; x_wconf 90' lang='lat' dir='ltr'><strong>nis</strong></span> <span class='ocrx_word' id='word_1_183' title='bbox 212 3508 371 3572; x_wconf 87' lang='lat' dir='ltr'><strong>mortem,</strong></span> <span class='ocrx_word' id='word_1_184' title='bbox 395 3517 478 3580; x_wconf 90' lang='lat' dir='ltr'><strong>quae</strong></span> <span class='ocrx_word' id='word_1_185' title='bbox 498 3498 613 3563; x_wconf 89' lang='lat' dir='ltr'><strong>accidit</strong></span> <span class='ocrx_word' id='word_1_186' title='bbox 635 3500 699 3565; x_wconf 84' lang='lat'><strong>625</strong></span> <span class='ocrx_word' id='word_1_187' title='bbox 715 3501 820 3590; x_wconf 83' lang='lat'><strong>(129),</strong></span> <span class='ocrx_word' id='word_1_188' title='bbox 842 3505 976 3588; x_wconf 87' lang='lat' dir='ltr'><strong>scdipso</strong></span> <span class='ocrx_word' id='word_1_189' title='bbox 989 3517 1142 3590; x_wconf 87' lang='lat' dir='ltr'><strong>tempore</strong></span> 
     </span>
     <span class='ocr_line' id='line_1_28' title="bbox 138 3596 1140 3693; baseline 0.013 -13"><span class='ocrx_word' id='word_1_190' title='bbox 138 3616 220 3681; x_wconf 50' lang='lat' dir='ltr'><strong>belli*</strong></span> <span class='ocrx_word' id='word_1_191' title='bbox 259 3615 451 3680; x_wconf 86' lang='lat' dir='ltr'><strong>Numantini</strong></span> <span class='ocrx_word' id='word_1_192' title='bbox 486 3615 649 3682; x_wconf 90' lang='lat' dir='ltr'><strong>Lucilium</strong></span> <span class='ocrx_word' id='word_1_193' title='bbox 682 3596 854 3686; x_wconf 82' lang='lat' dir='ltr'><strong>satirarum</strong></span> <span class='ocrx_word' id='word_1_194' title='bbox 892 3623 1140 3693; x_wconf 87' lang='lat' dir='ltr'><strong>scribendarum</strong></span> 
     </span>
     <span class='ocr_line' id='line_1_29' title="bbox 138 3715 1142 3819; baseline 0.01 -20"><span class='ocrx_word' id='word_1_195' title='bbox 138 3734 307 3799; x_wconf 87' lang='lat' dir='ltr'><strong>exordium</strong></span> <span class='ocrx_word' id='word_1_196' title='bbox 320 3731 437 3797; x_wconf 88' lang='lat' dir='ltr'><strong>fecisse.</strong></span> <span class='ocrx_word' id='word_1_197' title='bbox 482 3731 579 3819; x_wconf 89' lang='lat' dir='ltr'><strong>Quod</strong></span> <span class='ocrx_word' id='word_1_198' title='bbox 601 3751 711 3802; x_wconf 88' lang='lat' dir='ltr'><strong>autem</strong></span> <span class='ocrx_word' id='word_1_199' title='bbox 735 3739 779 3804; x_wconf 88' lang='lat' dir='ltr'><strong>ita</strong></span> <span class='ocrx_word' id='word_1_200' title='bbox 801 3715 888 3819; x_wconf 83' lang='lat' dir='ltr'><strong>dixi,</strong></span> <span class='ocrx_word' id='word_1_201' title='bbox 911 3742 987 3807; x_wconf 88' lang='lat' dir='ltr'><strong>belli</strong></span> <span class='ocrx_word' id='word_1_202' title='bbox 1012 3745 1142 3809; x_wconf 87' lang='lat' dir='ltr'><strong>ratione</strong></span> 
     </span>
     <span class='ocr_line' id='line_1_30' title="bbox 137 3853 1139 3940; baseline 0.009 -19"><span class='ocrx_word' id='word_1_203' title='bbox 137 3879 191 3924; x_wconf 89' lang='lat' dir='ltr'><strong>mc</strong></span> <span class='ocrx_word' id='word_1_204' title='bbox 221 3856 257 3918; x_wconf 92' lang='lat' dir='ltr'><strong>in</strong></span> <span class='ocrx_word' id='word_1_205' title='bbox 278 3855 363 3917; x_wconf 86' lang='lat' dir='ltr'><strong>hanc</strong></span> <span class='ocrx_word' id='word_1_206' title='bbox 386 3853 573 3937; x_wconf 89' lang='lat' dir='ltr'><strong>opinionem</strong></span> <span class='ocrx_word' id='word_1_207' title='bbox 594 3861 789 3940; x_wconf 87' lang='lat' dir='ltr'><strong>perductum</strong></span> <span class='ocrx_word' id='word_1_208' title='bbox 812 3883 890 3940; x_wconf 87' lang='lat' dir='ltr'><strong>esse,</strong></span> <span class='ocrx_word' id='word_1_209' title='bbox 914 3863 1139 3930; x_wconf 86' lang='lat' dir='ltr'><strong>assentientem</strong></span> 
     </span>
    </p>
   </div>
   <div class='ocr_carea' id='block_1_5' title="bbox 381 4057 425 4066">
    <p class='ocr_par' dir='ltr' id='par_1_5' title="bbox 381 4057 425 4066">
     <span class='ocr_line' id='line_1_31' title="bbox 381 4057 425 4066; baseline 0 0"><span class='ocrx_word' id='word_1_210' title='bbox 381 4057 425 4066; x_wconf 69' lang='lat' dir='ltr'><strong>-a</strong></span> 
     </span>
    </p>
   </div>
   <div class='ocr_carea' id='block_1_6' title="bbox 172 4162 446 4227">
    <p class='ocr_par' dir='ltr' id='par_1_6' title="bbox 172 4162 446 4227">
     <span class='ocr_line' id='line_1_32' title="bbox 172 4162 446 4227; baseline 0.004 -13"><span class='ocrx_word' id='word_1_211' title='bbox 172 4184 184 4219; x_wconf 75' lang='grc' dir='ltr'><strong>ι</strong></span> <span class='ocrx_word' id='word_1_212' title='bbox 225 4166 282 4215; x_wconf 70' lang='lat' dir='ltr'><strong>ses.</strong></span> <span class='ocrx_word' id='word_1_213' title='bbox 306 4163 383 4227; x_wconf 79' lang='grc' dir='ltr'><strong>ιι,ι,</strong></span> <span class='ocrx_word' id='word_1_214' title='bbox 402 4162 446 4217; x_wconf 78' lang='lat' dir='ltr'><strong>aa.</strong></span> 
     </span>
    </p>
   </div>
   <div class='ocr_carea' id='block_1_7' title="bbox 0 0 1294 4756">
    <p class='ocr_par' dir='ltr' id='par_1_7' title="bbox 0 0 1294 4756">
     <span class='ocr_line' id='line_1_33' title="bbox 0 0 1294 4756; baseline 0 0"><span class='ocrx_word' id='word_1_215' title='bbox 0 0 1294 4756; x_wconf 95' lang='lat' dir='ltr'><strong> </strong></span> 
     </span>
    </p>
   </div>
  </div>
 </body>
</html>
