2580 4756
693 370 756 431 112

220 548 386 613 abundare
403 547 575 632 antiquum
591 550 722 631 poetam
744 545 921 632 significet,
942 545 1037 610 facile
1056 546 1231 613 consistant

221 689 298 731 cum
327 666 431 741 uitiis,
465 687 548 750 quae
576 665 701 731 notavit
722 664 886 729 Horatius.
933 662 982 729 sis
1001 664 1092 729 enim
1118 666 1230 751 aliquis

219 783 312 848 omni
334 785 521 849 eruditionis
547 784 640 867 cupid
663 783 946 860 instructissimus,
969 783 1093 867 poterit
1113 784 1230 868 eiipsel

217 904 262 970 sic
285 904 376 970 abuti
399 918 434 969 ut
456 906 600 968 multum
616 917 767 979 moveat,
790 924 910 986 parum
934 916 1158 986 promoveat,
1174 880 1231 988 po-¹

219 1024 296 1088 terit
312 1024 358 1090 sic
375 1024 409 1086 in
432 1045 565 1087 omnem
588 1035 716 1105 partem
735 1021 924 1105 exspatiari,
940 1035 976 1085 ut
988 1022 1228 1105 impedimento

217 1143 320 1230 magis
350 1165 451 1229 quam
483 1145 707 1207 emolumento
738 1143 921 1205 cumulatae
946 1141 1124 1206 sententiae
1144 1143 1226 1213 sint:

216 1260 259 1328 sit
280 1284 358 1328 vero
378 1261 587 1327 facetissimus
605 1273 637 1325 et
659 1259 886 1336 dicacissimus,
905 1262 1086 1324 verendum
1111 1262 1227 1326 eritne

217 1381 314 1446 nimis
336 1381 396 1446 sibi
418 1384 563 1465 placeat,
586 1401 628 1442 ne
646 1378 804 1443 obruatur
823 1378 961 1443 ludentis
973 1378 1098 1465 ingenii
1110 1379 1225 1464 copiis,

217 1523 258 1566 ne
282 1513 451 1586 mergatur
477 1521 516 1563 ac
539 1511 650 1583 pereat
671 1500 749 1562 salse
769 1497 933 1562 dictorum
957 1520 1118 1578 acumen,
1140 1502 1224 1586 quod

213 1618 300 1701 justa
326 1615 482 1681 sermonis
513 1614 671 1680 brevitate
705 1615 864 1680 eluxisset.
910 1614 1026 1700 Itaque
1048 1615 1124 1681 illae
1143 1618 1223 1701 ipsae

217 1738 251 1800 in
282 1738 439 1821 scriptore
462 1735 582 1822 ingenii
614 1734 747 1800 virtutes
771 1748 803 1799 et
824 1748 1018 1798 ornamenta
1039 1736 1221 1821 gravissime

215 1855 349 1930 obsunt,
389 1855 447 1919 nisi
482 1856 659 1939 prudenter
700 1852 843 1938 sciteque
884 1853 1111 1919 adhibeantur.
1164 1853 1220 1920 Sed

119 1988 124 1993 '
215 1987 382 2058 praeterea
406 1974 531 2037 mirum
555 1971 797 2058 Quintilianum
821 1993 940 2058 negare
962 1971 1087 2051 videri,
1109 1973 1143 2037 in
1155 1973 1220 2038 Lu·

215 2093 287 2158 cilio
314 2113 378 2155 esse
406 2093 494 2176 quod
522 2092 635 2155 tollere
656 2090 764 2174 possis.
809 2088 842 2154 Si
860 2090 948 2153 enim
970 2091 1137 2175 carpsisset
1159 2091 1219 2157 Ho-

213 2210 360 2283 ratium,
384 2210 472 2292 quod
491 2209 515 2271 is
532 2209 642 2294 plura
660 2206 811 2271 tollenda
835 2207 1076 2296 relinquendis
1088 2211 1218 2276 censuit·

147 2328 150 2338 '
215 2340 263 2392 set
282 2327 317 2390 in
335 2326 451 2390 Lucilii
467 2327 581 2410 poesi,
599 2326 712 2410 judicii
733 2327 936 2393 severitatem
962 2329 1081 2394 rectius
1102 2334 1218 2396 fortas·

210 2469 243 2512 se
274 2447 525 2531 reprehensurus
551 2445 646 2510 fuisse
669 2444 843 2514 videretur.
888 2447 1051 2532 Equidem
1074 2451 1214 2534 suspicor

213 2588 271 2643 ca,
292 2587 375 2652 quae
398 2562 619 2650 Quintilianus
643 2563 852 2640 memoravit,
876 2563 1072 2631 Horatianae
1091 2581 1217 2633 senten-
1280 2610 1284 2631 .

211 2685 274 2750 tiae
304 2685 412 2770 aliqua
437 2683 563 2749 ratione
587 2683 731 2767 opposita
753 2704 828 2748 esse.
875 2680 972 2768 Quod
995 2684 1087 2752 enim
1111 2686 1218 2773 oincit

211 2803 427 2869 eruditionem
450 2803 592 2878 miram,
617 2823 656 2867 eo
676 2805 761 2866 valet
778 2815 815 2866 ut
835 2805 1003 2881 ostendat,
1027 2826 1095 2870 non
1116 2807 1217 2872 sordi·

211 2943 270 2986 um
295 2943 332 2985 ac
354 2921 414 2984 luti
434 2921 534 2986 instar
551 2944 588 2986 ea
609 2920 758 2985 habenda
780 2942 866 2998 esse,
891 2922 925 2984 in
948 2921 1069 3008 quibus
1093 2928 1217 3014 detege·

211 3061 247 3104 re
278 3036 376 3124 possis
397 3041 520 3122 amplas
543 3038 648 3103 variae
670 3039 834 3105 doctrinae
858 3039 1003 3120 divities;
1040 3045 1164 3127 quassi
1183 3058 1217 3109 ut

212 3157 397 3242 quisquilias
423 3157 609 3233 sustuleris,
634 3159 812 3222 verendum
837 3159 898 3222 erit
923 3180 965 3223 ne
989 3173 1022 3224 et
1041 3163 1138 3228 laude
1160 3165 1216 3229 hac

209 3275 392 3360 spoliaveris
420 3279 567 3358 politam,
602 3288 635 3339 et
665 3275 734 3340 illos
753 3275 854 3341 simul
878 3278 1046 3343 abstuleris
1068 3302 1129 3364 per
1145 3303 1216 3348 om·

210 3394 287 3460 nem
319 3392 432 3478 poisin
466 3392 594 3457 diffusos
619 3395 697 3457 sales
729 3406 761 3457 et
789 3395 922 3480 fregeris
953 3398 1129 3483 παρῥησίας
1152 3401 1215 3466 vim

209 3535 343 3578 omnem
376 3527 408 3577 et
427 3511 585 3577 retuderis
605 3511 826 3578 acerbitatem.
873 3511 957 3580 Utut
982 3529 1031 3580 est
1053 3552 1096 3567 ·-
1114 3540 1214 3605 neque

211 3632 299 3696 enim
330 3653 402 3696 rem
428 3631 580 3696 dirimere
606 3629 698 3694 nobis
720 3630 814 3707 licet,
839 3629 965 3697 etiamsi
988 3655 1213 3722 cognoscamus

211 3773 229 3816 e
249 3748 439 3816 Lactantio¹
449 3794 460 3827 ,
471 3750 734 3837 circumscripte
747 3749 960 3840 breviterque
972 3759 1130 3821 nonnulla
1142 3776 1212 3823 eum

248 4114 263 4155 ι
298 4100 375 4153 rme.
395 4090 520 4162 Din'v,
540 4116 569 4169 9,
589 4117 631 4154 20.
649 4098 704 4165 Vl,
721 4100 751 4164 5,
771 4118 797 4152 2.
