2580 4756
515 410 579 470 203

41 583 173 667 Quibus
203 581 345 647 versibus
377 582 498 646 ironice
524 583 609 665 Lupi
634 561 845 666 cupiditatem
872 585 1055 670 exagitate·

42 703 88 764 rit
111 706 210 783 poeta
234 702 463 785 monueritque
493 723 594 776 eum,
625 714 661 766 ut
696 703 857 767 desineret
881 702 1056 786 aliquando

45 817 196 892 insectari
225 819 324 901 pisces
355 819 515 894 minores,
552 821 662 902 quales
693 820 759 883 sint
788 822 963 903 saperdae,
999 822 1056 904 qui

48 957 130 1000 eum
154 935 353 1011 occiderent,
378 938 433 999 sed
454 950 600 1017 captaret
619 937 770 1020 majores,
798 939 954 1023 thynnos,
976 938 1058 1001 silu-

51 1073 128 1127 ros,
152 1052 275 1125 amias,
301 1075 320 1144 a
347 1052 466 1135 quibus
485 1052 605 1116 scilicet
624 1053 705 1119 nihil
729 1054 756 1118 ei
775 1063 856 1119 esset
879 1053 1015 1136 periculi
1031 1053 1057 1116 ¹.

52 1170 228 1252 Perperam
262 1189 339 1232 vero
360 1172 438 1232 haec
459 1170 591 1252 proprie
614 1169 843 1253 accipiuntur,
867 1171 957 1254 quasi
980 1193 1060 1256 aga-

51 1302 106 1351 tur
130 1286 216 1368 Lupi
240 1287 410 1372 ingluvies.
444 1285 558 1349 Malim
579 1289 619 1380 ad
644 1286 811 1351 imbellem
832 1290 899 1371 ejus
911 1288 1059 1352 animum

50 1418 82 1466 ct
107 1404 261 1466 timidum
289 1407 433 1470 referre,
468 1418 504 1467 ut
527 1425 641 1467 eorum
663 1404 754 1468 bonis
776 1405 914 1473 inhiaret
933 1420 965 1469 ot
983 1406 1062 1470 insi-

52 1521 218 1596 diaretur,
252 1535 418 1604 quotquot
450 1519 519 1584 solli
543 1522 751 1607 irandarique
776 1545 865 1605 posse
887 1523 1061 1605 sperabat,

54 1641 191 1704 intactos
222 1659 302 1704 vero
327 1639 545 1723 relinqueret,
577 1640 738 1724 aquibus
761 1639 822 1704 sibi
846 1643 1062 1704 metuendum

54 1770 149 1833 esset,
173 1755 343 1822 validiores
365 1779 403 1822 ac
426 1757 634 1840 potentiores.
665 1757 712 1824 Ut
735 1769 867 1833 tamen,
892 1757 972 1840 quid
992 1775 1065 1821 san·

56 1875 157 1950 tiam,
190 1876 346 1952 efferam;
386 1873 443 1938 etsi
475 1874 646 1960 ingenium
682 1872 837 1958 Scaligeri
872 1874 1066 1938 emendandi

55 1993 117 2056 loci
142 1992 226 2056 ratio
261 2004 415 2065 testetur,
450 2012 488 2055 ac
523 1990 710 2073 probandus
745 1990 804 2065 sit,
834 1993 924 2074 quod
946 1988 1067 2076 duplex

56 2130 123 2174 esse
141 2106 269 2171 censuit
289 2110 539 2192 fragmentum,
563 2111 706 2173 alterum
723 2095 870 2192 iambico
894 2109 1067 2186 trimetr0,

58 2224 251 2286 hexametro
274 2222 415 2286 alterum
438 2237 604 2300 constans,
628 2237 740 2288 tamen
756 2246 862 2309 neque
881 2229 1070 2292 hexameter

61 2341 189 2427 integer
224 2353 293 2416 est„
328 2355 361 2405 et
385 2341 475 2405 siluri
502 2364 579 2406 curn
599 2344 763 2425 saperdis,
787 2365 853 2408 non
877 2367 955 2410 cum
978 2347 1070 2411 amiis

63 2456 282 2542 conjungendi
306 2470 393 2523 sunt.
429 2459 539 2544 Quare
559 2461 605 2523 sic
628 2460 844 2546 distinguam:

542 2613 588 2626 -
612 2589 651 2639 at
664 2578 760 2663 jura
782 2579 895 2640 siluri

218 2689 358 2757 Sumere
380 2701 413 2757 te
434 2705 538 2779 atquc
560 2696 694 2757 amiam
719 2691 849 2782 (decet).

64 2807 197 2875 Dicitur
220 2811 329 2886 idem,
349 2824 388 2874 ut
411 2811 569 2887 vidimus,
590 2812 691 2895 judex
716 2811 751 2873 in
772 2809 938 2893 republica
959 2810 1074 2877 fuisse:

67 2948 134 3012 quo
169 2929 258 2991 haud
278 2927 378 2992 dubie
397 2940 519 3011 spectat
552 2929 699 3012 primum
724 2929 799 2992 libri
833 2929 1078 3023 undetrigesimi

66 3049 315 3131 fragmentum,
347 3046 442 3128 ¹quod
465 3045 549 3108 belle
575 3068 652 3110 cum
677 3047 744 3112 aliis
767 3045 899 3112 aliunde
923 3046 1077 3112 arcessitis

67 3137 284 3247 conjunctum
305 3163 351 3227 sic
375 3163 523 3227 exhibuit
542 3162 685 3228 Merula:

67 3386 107 3436 sie
125 3385 271 3450 separatim
288 3385 396 3436 edidit:

211 3483 294 3550 Quod
310 3482 419 3550 thynno
437 3494 520 3554 capto
539 3481 649 3536 cebium
666 3485 822 3537 excludunt
828 3486 932 3555 foras5

141 3583 169 3628 el
182 3596 188 3626 :

214 3675 370 3740 Occidunt,
392 3677 492 3746 lupe,
510 3676 649 3745 saperdae
667 3685 694 3729 te
711 3686 742 3728 et
750 3677 823 3742 jura
840 3676 928 3730 siluri
936 3699 947 3739 ,·

142 3777 189 3819 el:

212 3869 293 3918 Sume
315 3878 375 3920 rete
391 3878 479 3940 atque
501 3872 658 3922 amiam.-

72 3964 652 4033 Auson.Popmategitsumeeete-.
671 3965 724 4018 cff.
740 3968 885 4019 Notaearl
895 3969 949 4020 Ed.
967 3971 994 4021 V
1003 3987 1082 4022 arr.

73 4060 140 4125 Bip.
162 4075 189 4122 p.
209 4059 269 4110 204.

111 4170 122 4204 ι
163 4157 271 4223 (ἶνας,
292 4173 319 4221 p.
340 4153 400 4210 413.
420 4163 559 4208 Densa
579 4160 617 4207 ad
634 4160 758 4228 bucsr.
783 4157 837 4221 IV,
859 4162 874 4212 6
894 4178 919 4225 p.
935 4160 993 4212 115.
