2580 4756
689 337 753 398 254

195 525 270 577 tura
290 512 497 595 expositum,
516 511 624 576 divisit
644 512 679 574 in
697 523 824 595 septem
845 509 956 574 libros.
994 508 1124 575 Deinde
1143 510 1204 575 En·

194 629 241 693 nii
270 631 399 694 annales
417 642 670 720 memorantur,
704 649 786 713 quos
803 627 948 691 maxime
971 627 1144 710 probabile
1163 643 1206 693 ast

195 766 215 810 a
245 745 286 830 Q.
316 745 519 833 Vargonteio
554 744 684 809 tamin
714 745 816 810 varios
843 745 943 809 libros
964 744 1084 810 divisos
1109 767 1204 830 quam

195 865 326 947 publice
343 864 573 949 pronunciatos
586 865 698 939 fuisse,
714 863 892 946 iisdemque
905 862 1091 947 Lampadio
1101 885 1206 928 emcn-

196 983 294 1047 dandi
315 1005 429 1047 curam
446 980 599 1046 adhibuit
612 982 640 1046 1.
686 979 843 1065 Sequitur
868 979 1033 1058 Lucilius,
1053 983 1148 1065 cujus
1162 1003 1206 1046 sa·

197 1100 273 1164 tiras
297 1100 454 1183 privatim
480 1099 641 1182 explicare
674 1098 843 1163 instituere
875 1097 1002 1162 Laelius
1033 1097 1204 1164 Archelaus

197 1230 230 1280 et
249 1215 382 1282 Vectius
405 1215 624 1280 Philocomus.
670 1213 759 1280 Num
782 1215 882 1281 iidem
899 1215 963 1279 alio
980 1235 1085 1298 quam
1109 1215 1205 1281 inter·

195 1348 331 1419 pretum
364 1355 503 1397 munere
527 1333 633 1399 functi
661 1333 748 1409 sint,
773 1353 841 1397 non
864 1345 1000 1398 constat.
1047 1332 1119 1400 Nec
1137 1356 1204 1401 sane

197 1450 371 1516 verisimile
385 1465 450 1526 est,
469 1451 504 1514 in
516 1451 729 1539 diligentius
752 1449 991 1515 retractandis
1005 1450 1022 1501 ²
1045 1451 1150 1517 satiris
1160 1473 1203 1518 eos

197 1580 337 1633 versatos
374 1590 456 1643 esse,
487 1569 610 1652 quippe
641 1569 746 1633 omnis
768 1589 886 1632 eorum
909 1589 990 1634 cura
1009 1569 1124 1651 paucis
1144 1569 1204 1634 dis-

196 1686 310 1770 cipulis
335 1686 598 1771 impendebatur.
645 1685 747 1773 Magis
769 1689 876 1769 placet
897 1686 1100 1763 existimare,
1125 1700 1204 1772 post·

200 1807 411 1879 cadomum,
438 1820 540 1888 quam
563 1803 692 1869 recitari
722 1803 854 1888 publice
871 1801 992 1868 Lucilii
1004 1805 1204 1870 satiraeooe-

195 1934 338 2004 perunt,
374 1942 441 1985 non
466 1929 597 1985 tantum
621 1920 856 1984 emendatiores
880 1920 1102 2003 prodiisse-
1124 1923 1204 2008 quod

197 2037 358 2104 Catonem
377 2060 565 2125 aggressum
594 2060 658 2103 esse
690 2038 811 2102 ironice
841 2036 887 2103 ait
909 2037 1088 2104 Horatius³
1104 2041 1205 2104 -rcd

196 2157 295 2219 etiam
328 2177 390 2237 pro
422 2155 610 2242 argumenti
642 2157 796 2222 varietate
822 2157 856 2218 in
880 2156 980 2221 libros
1010 2157 1203 2223 distributos.

196 2271 406 2357 Quapropter
430 2291 497 2334 non
521 2273 664 2336 alienum
686 2273 787 2337 videri
810 2286 961 2358 poterat,
977 2273 1027 2338 bis
1048 2275 1138 2340 libris
1150 2294 1204 2359 pro

196 2388 401 2475 argumenti,
438 2390 527 2473 quod
556 2389 736 2474 agebatur,
770 2412 911 2475 genere,
946 2412 1109 2477 congruos
1133 2392 1203 2457 tito·

196 2511 242 2573 los
269 2508 459 2592 imponere3
491 2507 574 2592 quin
604 2508 821 2573 necessarium
845 2511 914 2573 iere
937 2509 1090 2585 dicatur,
1112 2510 1204 2594 siqui·

153 2706 156 2711 Ι
195 2629 296 2705 dem,
329 2648 413 2717 quae
442 2638 537 2691 antea
568 2624 726 2711 singulari
757 2626 843 2691 libro
866 2648 905 2690 ac
922 2627 1096 2691 communi
1116 2629 1205 2693 titulo

196 2747 452 2828 comprehensae
488 2747 620 2808 fuerant
654 2743 836 2830 quindenae
864 2744 1003 2820 satirae,
1032 2745 1207 2829 disjunctae

194 2863 299 2947 magis
323 2861 493 2945 propriam
522 2861 766 2944 inscriptionem
799 2862 1004 2948 flagitabant.
1049 2860 1136 2927 Hinc
1155 2883 1204 2927 ex·

194 2979 410 3063 plicandum‚
444 3000 503 3045 cur
537 2979 564 3042 F
574 2978 700 3042 ornix
720 2978 895 3062 peculiaris
915 2979 992 3043 libri
1014 2980 1129 3045 titulus
1148 2983 1204 3045 ba·

194 3097 330 3172 beatur,
361 3118 379 3159 e
409 3097 561 3179 plurimis
593 3117 677 3168 unm
695 3110 838 3162 servatus
852 3097 887 3176 43
917 3097 1112 3163 mirandum
1135 3117 1207 3164 roro

197 3223 333 3288 contra,
367 3211 481 3295 quidni
506 3211 603 3275 ceteri
626 3211 704 3275 libri
728 3215 791 3278 suis
815 3215 938 3301 quique
952 3214 1077 3292 titulis,
1100 3216 1126 3281 si
1138 3235 1205 3281 suos

195 3390 476 3409 ..Ἣ

231 3513 244 3547 ι
286 3494 575 3559 uelamina

229 3607 248 3645 a
281 3591 359 3643 Hauc
383 3590 532 3645 dictiomrn
550 3593 592 3660 (P
600 3591 613 3642 l
622 3592 634 3643 i
643 3610 661 3643 n
674 3593 685 3641 i
696 3609 719 3643 a.
725 3591 752 3659 e)
763 3591 828 3642 dial
832 3622 839 3642 .
862 3593 896 3643 de
907 3600 995 3642 oratt.
1011 3608 1038 3645 c.
1050 3592 1066 3642 3
1078 3589 1202 3657 explieat,

196 3687 245 3738 ubi
274 3685 395 3754 legiturt
419 3688 467 3739 An
496 3687 561 3739 ideo
581 3685 687 3739 librum
705 3687 790 3737 istum
809 3685 1041 3761 apprehendisti,
1060 3696 1093 3739 ut
1109 3685 1203 3739 dili-

181 3760 685 3854 ΙμμίιΐιίιΜείναςιιινεα,
718 3791 746 3832 et
773 3781 918 3845 sublatis,
941 3783 968 3831 si
993 3801 1067 3852 quae
1088 3771 1228 3851 pruvam'

195 3878 406 3947 interpretandi
422 3876 574 3929 mariam
589 3876 745 3940 dederunt,
768 3879 911 3930 emitteres
933 3879 1069 3929 Catonem
1085 3906 1129 3928 -.

416 3970 473 4008 ⁴¹¹-
492 3968 540 4025 Gi.
559 3971 620 4036 125,
640 3972 701 4026 238·
