2580 4756
617 281 681 341 114

142 461 236 524 haret
263 481 300 523 ea
333 479 415 543 quae
444 476 502 542 per
529 457 695 534 salebras,
731 469 763 521 et
796 460 861 521 alta
883 478 960 523 saxa
983 460 1150 539 caderent,

142 581 238 664 quale
255 577 371 642 Lucilii
394 590 472 641 esset
489 576 692 660 epitaphium
706 576 732 640 ¹.

186 697 277 761 Alius
298 709 409 761 vetus
426 695 632 780 interpres
654 697 696 759 ad
718 693 842 760 Horatii
853 697 1075 784 verbajuoat
1088 700 1150 763 im·

144 827 335 878 attentorum
361 814 532 901 ferentem
559 814 729 902 Ingaunis
754 814 929 902 oculisque
949 816 1023 906 legi
1045 821 1151 881 mani-

142 935 268 1021 busque
290 937 402 998 teneri
422 936 501 998 hacc
524 933 663 999 notavit:
690 932 794 1000 ‹t'Hoc
809 936 912 999 velad
921 933 1151 1000 Archilochum

136 1056 285 1118 refertur
313 1054 418 1115 multa
441 1051 598 1116 obscoena
626 1052 807 1128 dicentem,
831 1054 882 1117 vel
904 1054 946 1116 ad
971 1052 1151 1129 Lucilium,

138 1172 203 1256 -qui
223 1190 325 1255 aeque
345 1174 450 1234 multa
471 1170 619 1253 princeps
646 1169 681 1256 (l.
704 1168 863 1256 deinceps)
880 1192 1001 1254 spurca
1022 1193 1154 1256 compo·

144 1291 209 1355 suit
221 1289 247 1354 ².
262 1310 280 1351 »
314 1287 548 1354 Obscoenitatis
575 1289 691 1355 vitium
705 1288 740 1352 in
758 1289 885 1355 Lucilio
907 1311 926 1354 a
947 1292 1082 1355 nemine
1098 1291 1153 1357 alio

146 1411 379 1493 reprehensum
403 1429 466 1472 esse
483 1428 550 1470 non
566 1407 691 1485 miror,
715 1408 870 1493 quoniam
883 1414 1057 1492 poetarum
1072 1430 1153 1505 corn·-

142 1549 248 1592 nnune
270 1527 343 1593 fnit.
366 1525 479 1611 Neque
503 1547 580 1591 vero
603 1526 751 1593 illicitum
772 1528 1018 1595 arbitrabantur.
1037 1527 1153 1615 antiqui

147 1645 257 1711 uershs
270 1647 380 1709 molles
398 1657 495 1730 atque
513 1643 692 1728 impudicos
715 1667 875 1732 pangere;

235 1762 329 1830 Nam
352 1776 486 1828 costum
510 1786 577 1826 esse
601 1762 691 1827 decet
707 1767 812 1850 pium
831 1768 971 1852 politam

236 1885 382 1970 Ipsum:
406 1882 594 1946 versiculos
613 1883 712 1947 nihil
732 1906 859 1947 necesse
878 1896 954 1962 est,-

238 2001 312 2088 Qui
329 2013 405 2063 tum
427 2000 571 2086 denique
589 2000 713 2064 babent
737 2001 846 2064 solem
864 2025 903 2064 uc
925 2002 1091 2088 leporem,

240 2116 282 2183 Si
301 2131 383 2184 sunt
405 2119 585 2182 molliculi
608 2143 647 2183 ac
666 2142 797 2206 porum
813 2119 940 2207 pudici
953 2121 981 2186 3.

151 2239 289 2306 Videtur
312 2238 412 2324 igitur
435 2239 533 2302 etiam
557 2238 726 2315 Horatius,
750 2239 807 2303 ubi
831 2240 996 2304 Lucilium
1022 2242 1157 2304 facetum

153 2359 310 2440 appellat,
331 2355 453 2440 partim
471 2356 663 2421 intellexisse
688 2377 761 2420 eam
774 2356 878 2440 ipsam
892 2356 1159 2433 obscoenitatem,

152 2498 171 2541 a
193 2497 259 2560 qua
281 2497 348 2539 non
370 2474 567 2539 abhorrebat
587 2475 683 2559 ipsius
708 2473 811 2540 Musa.
837 2475 992 2542 Ceterum
1013 2476 1068 2542 vix
1086 2496 1160 2560 opus

152 2610 199 2660 est
224 2616 376 2669 monere,
410 2595 554 2659 lasciviae
580 2594 736 2679 exemplis
758 2597 943 2682 fragmenta
963 2595 1082 2659 Lucilii
1095 2617 1162 2660 sca·

152 2728 241 2780 tere:
264 2716 408 2802 singulae
431 2714 566 2802 paginae
588 2714 718 2779 abunde
739 2714 938 2778 indicabunt.
984 2713 1100 2800 Quum
1113 2734 1161 2780 re·

153 2855 191 2898 ro
222 2837 392 2920 vulgarem
418 2847 566 2898 veterum
592 2854 720 2897 morem
746 2832 780 2895 in
803 2832 851 2896 his
873 2847 1001 2897 secutus
1021 2833 1082 2910 sit,
1114 2846 1162 2898 ta-

154 2972 232 3013 men
267 2972 349 3013 unus
373 2951 523 3014 omnium
545 2949 691 3014 inarime
716 2949 844 3036 flagitia
863 2963 895 3014 et
915 2949 1064 3016 libidines
1087 2970 1163 3035 pro·

155 3067 231 3152 priis
261 3082 293 3133 et
322 3068 541 3151 petulantibus
570 3067 677 3134 verbis
713 3069 804 3154 quasi
837 3069 880 3133 ob
913 3072 1024 3134 oeulos
1049 3070 1160 3154 posuit.

156 3184 264 3270 Quam
289 3186 451 3249 licentiam
477 3185 637 3250 Ausonius
661 3188 811 3252 notavit:

204 3305 391 3370 perversae
416 3303 453 3367 V
451 3308 563 3368 oneris
581 3310 716 3392 postico
739 3307 878 3371 vulnere
892 3306 1015 3393 fossor

247 3424 392 3488 Lucill
415 3427 509 3487 vatis
532 3425 701 3503 subulo,
721 3424 1030 3513 puttipremat.

159 3605 434 3617 w-p--a---—-.-

194 3695 206 3732 ι
245 3680 346 3748 Epigr.
366 3679 491 3746 Xl‚90.
522 3678 568 3731 cf.
586 3697 645 3746 sup.
666 3699 691 3746 p.
719 3682 764 3735 61.

196 3794 211 3829 2
247 3779 402 3828 Auctor.
423 3780 523 3830 Comm.
546 3779 627 3848 Cruq.
647 3795 674 3842 p.
687 3777 739 3847 604
757 3778 795 3828 ad
813 3783 896 3830 Hor.
916 3775 1068 3845 Ep.l,19⁴
1084 3772 1125 3826 34.

194 3877 210 3926 ὅ
248 3875 384 3928 Οαίιιῖὶ.
403 3874 487 3938 xvi,
509 3873 536 3927 5.
556 3875 729 3930 Cnovid.
755 3868 1162 3939 tl'rist.ll,554,Martia1.

163 3976 185 4036 l,
205 3973 233 4037 5,
254 3975 282 4034 8,
303 3972 344 4026 56.

192 4075 209 4126 4
245 4072 345 4140 Epigr.
368 4069 461 4133 LXX,
483 4090 507 4141 7.
538 4070 589 4121 cll.
607 4080 701 4120 uotae.
