<?xml version="1.0" encoding="UTF-8"?>
<!DOCTYPE html PUBLIC "-//W3C//DTD XHTML 1.0 Transitional//EN"
    "http://www.w3.org/TR/xhtml1/DTD/xhtml1-transitional.dtd">
<html xmlns="http://www.w3.org/1999/xhtml" xml:lang="en" lang="en">
 <head>
  <title>
</title>
<meta http-equiv="Content-Type" content="text/html;charset=utf-8" />
  <meta name='ocr-system' content='tesseract 3.04.00' />
  <meta name='ocr-capabilities' content='ocr_page ocr_carea ocr_par ocr_line ocrx_word'/>
</head>
<body>
  <div class='ocr_page' id='page_1' title='image "./studiacriticain00heusgoog_0152.png"; bbox 0 0 2580 4756; ppageno 0'>
   <div class='ocr_carea' id='block_1_1' title="bbox 526 400 585 462">
    <p class='ocr_par' dir='ltr' id='par_1_1' title="bbox 526 400 585 462">
     <span class='ocr_line' id='line_1_1' title="bbox 526 400 585 462; baseline -0.017 0"><span class='ocrx_word' id='word_1_1' title='bbox 526 400 585 462; x_wconf 82' lang='lat'><strong>141</strong></span> 
     </span>
    </p>
   </div>
   <div class='ocr_carea' id='block_1_2' title="bbox 56 576 1067 662">
    <p class='ocr_par' dir='ltr' id='par_1_2' title="bbox 56 576 1067 662">
     <span class='ocr_line' id='line_1_2' title="bbox 56 576 1067 662; baseline 0.001 -22"><span class='ocrx_word' id='word_1_2' title='bbox 56 576 244 661; x_wconf 83' lang='lat' dir='ltr'>opprobriis</span> <span class='ocrx_word' id='word_1_3' title='bbox 258 576 427 653; x_wconf 81' lang='lat' dir='ltr'>studebat,</span> <span class='ocrx_word' id='word_1_4' title='bbox 450 577 596 646; x_wconf 90' lang='lat' dir='ltr'><strong>carmina</strong></span> <span class='ocrx_word' id='word_1_5' title='bbox 613 596 752 662; x_wconf 86' lang='lat' dir='ltr'><strong>purgare</strong></span> <span class='ocrx_word' id='word_1_6' title='bbox 775 589 808 641; x_wconf 90' lang='lat' dir='ltr'><strong>et</strong></span> <span class='ocrx_word' id='word_1_7' title='bbox 828 579 1000 641; x_wconf 90' lang='lat' dir='ltr'><strong>emendare</strong></span> <span class='ocrx_word' id='word_1_8' title='bbox 1012 598 1067 641; x_wconf 88' lang='lat' dir='ltr'><strong>ue·</strong></span> 
     </span>
    </p>
   </div>
   <div class='ocr_carea' id='block_1_3' title="bbox 54 696 1073 3873">
    <p class='ocr_par' dir='ltr' id='par_1_3' title="bbox 57 696 414 760">
     <span class='ocr_line' id='line_1_3' title="bbox 57 696 414 760; baseline -0.003 0"><span class='ocrx_word' id='word_1_9' title='bbox 57 716 144 760; x_wconf 84' lang='lat' dir='ltr'><strong>cesse</strong></span> <span class='ocrx_word' id='word_1_10' title='bbox 167 696 340 759; x_wconf 80' lang='lat' dir='ltr'><strong>arbitratus</strong></span> <span class='ocrx_word' id='word_1_11' title='bbox 358 709 414 759; x_wconf 87' lang='lat' dir='ltr'><strong>cst.</strong></span> 
     </span>
    </p>

    <p class='ocr_par' dir='ltr' id='par_1_4' title="bbox 54 813 1071 2922">
     <span class='ocr_line' id='line_1_4' title="bbox 103 813 1068 898; baseline -0.002 -20"><span class='ocrx_word' id='word_1_12' title='bbox 103 813 254 879; x_wconf 80' lang='lat' dir='ltr'>Archelai</span> <span class='ocrx_word' id='word_1_13' title='bbox 287 828 318 879; x_wconf 87' lang='lat' dir='ltr'><strong>et</strong></span> <span class='ocrx_word' id='word_1_14' title='bbox 347 813 526 878; x_wconf 88' lang='lat' dir='ltr'><strong>Philocomi</strong></span> <span class='ocrx_word' id='word_1_15' title='bbox 540 814 712 878; x_wconf 89' lang='lat' dir='ltr'><strong>mentione</strong></span> <span class='ocrx_word' id='word_1_16' title='bbox 733 815 767 878; x_wconf 92' lang='lat' dir='ltr'><strong>in</strong></span> <span class='ocrx_word' id='word_1_17' title='bbox 787 835 902 879; x_wconf 90' lang='lat' dir='ltr'><strong>eorum</strong></span> <span class='ocrx_word' id='word_1_18' title='bbox 925 814 1068 898; x_wconf 90' lang='lat' dir='ltr'><strong>discipli-</strong></span> 
     </span>
     <span class='ocr_line' id='line_1_5' title="bbox 54 931 1069 1002; baseline -0.002 -2"><span class='ocrx_word' id='word_1_19' title='bbox 54 955 118 1002; x_wconf 85' lang='lat' dir='ltr'><strong>nae</strong></span> <span class='ocrx_word' id='word_1_20' title='bbox 147 937 295 998; x_wconf 86' lang='lat' dir='ltr'><strong>alumnos</strong></span> <span class='ocrx_word' id='word_1_21' title='bbox 332 933 500 998; x_wconf 83' lang='lat' dir='ltr'>Lenaeum</span> <span class='ocrx_word' id='word_1_22' title='bbox 529 946 562 998; x_wconf 90' lang='lat' dir='ltr'><strong>et</strong></span> <span class='ocrx_word' id='word_1_23' title='bbox 578 931 738 998; x_wconf 89' lang='lat' dir='ltr'><strong>Catonem</strong></span> <span class='ocrx_word' id='word_1_24' title='bbox 760 933 942 999; x_wconf 81' lang='lat' dir='ltr'><strong>incidimus.</strong></span> <span class='ocrx_word' id='word_1_25' title='bbox 977 933 1069 998; x_wconf 87' lang='lat' dir='ltr'><strong>Alius</strong></span> 
     </span>
     <span class='ocr_line' id='line_1_6' title="bbox 56 1052 1070 1141; baseline 0 -25"><span class='ocrx_word' id='word_1_26' title='bbox 56 1054 114 1117; x_wconf 85' lang='lat' dir='ltr'><strong>liic</strong></span> <span class='ocrx_word' id='word_1_27' title='bbox 139 1053 231 1117; x_wconf 88' lang='lat' dir='ltr'><strong>nobis</strong></span> <span class='ocrx_word' id='word_1_28' title='bbox 252 1056 481 1118; x_wconf 88' lang='lat' dir='ltr'><strong>memorandus</strong></span> <span class='ocrx_word' id='word_1_29' title='bbox 504 1067 551 1118; x_wconf 87' lang='lat' dir='ltr'><strong>est</strong></span> <span class='ocrx_word' id='word_1_30' title='bbox 574 1055 706 1118; x_wconf 90' lang='lat' dir='ltr'><strong>illorum</strong></span> <span class='ocrx_word' id='word_1_31' title='bbox 719 1055 880 1141; x_wconf 88' lang='lat' dir='ltr'><strong>aequalis,</strong></span> <span class='ocrx_word' id='word_1_32' title='bbox 905 1052 1070 1120; x_wconf 87' lang='lat' dir='ltr'><strong>Curtius</strong></span> 
     </span>
     <span class='ocr_line' id='line_1_7' title="bbox 57 1171 1070 1249; baseline -0.001 -12"><span class='ocrx_word' id='word_1_33' title='bbox 57 1172 173 1237; x_wconf 88' lang='lat' dir='ltr'><strong>Nicia</strong></span> <span class='ocrx_word' id='word_1_34' title='bbox 196 1171 292 1238; x_wconf 88' lang='lat' dir='ltr'><strong>Cous.</strong></span> <span class='ocrx_word' id='word_1_35' title='bbox 315 1172 495 1237; x_wconf 87' lang='lat' dir='ltr'><strong>Familiaris</strong></span> <span class='ocrx_word' id='word_1_36' title='bbox 518 1173 542 1237; x_wconf 89' lang='lat' dir='ltr'><strong>is</strong></span> <span class='ocrx_word' id='word_1_37' title='bbox 567 1171 631 1237; x_wconf 89' lang='lat' dir='ltr'><strong>fuit</strong></span> <span class='ocrx_word' id='word_1_38' title='bbox 654 1171 824 1249; x_wconf 87' lang='lat' dir='ltr'><strong>Ciceroni,</strong></span> <span class='ocrx_word' id='word_1_39' title='bbox 848 1187 881 1238; x_wconf 91' lang='lat' dir='ltr'><strong>et</strong></span> <span class='ocrx_word' id='word_1_40' title='bbox 893 1172 953 1239; x_wconf 89' lang='lat' dir='ltr'><strong>Cn.</strong></span> <span class='ocrx_word' id='word_1_41' title='bbox 968 1172 1070 1237; x_wconf 90' lang='lat' dir='ltr'><strong>Pom·</strong></span> 
     </span>
     <span class='ocr_line' id='line_1_8' title="bbox 57 1291 1071 1376; baseline 0 -21"><span class='ocrx_word' id='word_1_42' title='bbox 57 1293 152 1376; x_wconf 90' lang='lat' dir='ltr'><strong>pejo,</strong></span> <span class='ocrx_word' id='word_1_43' title='bbox 189 1291 242 1357; x_wconf 91' lang='lat' dir='ltr'><strong>cui</strong></span> <span class='ocrx_word' id='word_1_44' title='bbox 273 1292 392 1355; x_wconf 89' lang='lat' dir='ltr'><strong>dicitur</strong></span> <span class='ocrx_word' id='word_1_45' title='bbox 423 1292 566 1356; x_wconf 75' lang='lat' dir='ltr'><strong>haesisse.</strong></span> <span class='ocrx_word' id='word_1_46' title='bbox 612 1291 697 1356; x_wconf 90' lang='lat' dir='ltr'><strong>Hinc</strong></span> <span class='ocrx_word' id='word_1_47' title='bbox 721 1292 813 1356; x_wconf 89' lang='lat' dir='ltr'><strong>facile</strong></span> <span class='ocrx_word' id='word_1_48' title='bbox 833 1304 879 1357; x_wconf 86' lang='lat' dir='ltr'><strong>est</strong></span> <span class='ocrx_word' id='word_1_49' title='bbox 903 1294 944 1356; x_wconf 91' lang='lat' dir='ltr'><strong>ad</strong></span> <span class='ocrx_word' id='word_1_50' title='bbox 963 1292 1071 1374; x_wconf 89' lang='lat' dir='ltr'><strong>suspi-</strong></span> 
     </span>
     <span class='ocr_line' id='line_1_9' title="bbox 58 1385 1068 1496; baseline -0.001 -20"><span class='ocrx_word' id='word_1_51' title='bbox 58 1412 224 1485; x_wconf 89' lang='lat' dir='ltr'><strong>candum,</strong></span> <span class='ocrx_word' id='word_1_52' title='bbox 254 1409 282 1474; x_wconf 91' lang='lat' dir='ltr'><strong>ei</strong></span> <span class='ocrx_word' id='word_1_53' title='bbox 311 1431 388 1474; x_wconf 93' lang='lat' dir='ltr'><strong>cum</strong></span> <span class='ocrx_word' id='word_1_54' title='bbox 424 1409 553 1476; x_wconf 89' lang='lat' dir='ltr'><strong>Lenaeo</strong></span> <span class='ocrx_word' id='word_1_55' title='bbox 586 1385 718 1496; x_wconf 69' lang='lat' dir='ltr'><strong>quisque</strong></span> <span class='ocrx_word' id='word_1_56' title='bbox 747 1410 893 1495; x_wconf 89' lang='lat' dir='ltr'><strong>Pompeji</strong></span> <span class='ocrx_word' id='word_1_57' title='bbox 928 1410 1068 1485; x_wconf 83' lang='lat' dir='ltr'><strong>riberto,</strong></span> 
     </span>
     <span class='ocr_line' id='line_1_10' title="bbox 57 1527 1070 1613; baseline 0.001 -21"><span class='ocrx_word' id='word_1_58' title='bbox 57 1527 267 1594; x_wconf 82' lang='lat' dir='ltr'><strong>intercessisse</strong></span> <span class='ocrx_word' id='word_1_59' title='bbox 302 1530 568 1595; x_wconf 87' lang='lat' dir='ltr'><strong>consuetudinem</strong></span> <span class='ocrx_word' id='word_1_60' title='bbox 599 1543 697 1613; x_wconf 91' lang='lat' dir='ltr'><strong>atque</strong></span> <span class='ocrx_word' id='word_1_61' title='bbox 713 1529 976 1594; x_wconf 80' lang='lat' dir='ltr'><strong>aemulationem.</strong></span> <span class='ocrx_word' id='word_1_62' title='bbox 1024 1529 1070 1596; x_wconf 88' lang='lat' dir='ltr'><strong>Ut</strong></span> 
     </span>
     <span class='ocr_line' id='line_1_11' title="bbox 57 1648 1070 1735; baseline 0 -23"><span class='ocrx_word' id='word_1_63' title='bbox 57 1650 147 1712; x_wconf 90' lang='lat' dir='ltr'><strong>enim</strong></span> <span class='ocrx_word' id='word_1_64' title='bbox 180 1648 323 1713; x_wconf 84' lang='lat' dir='ltr'><strong>Lenaeus</strong></span> <span class='ocrx_word' id='word_1_65' title='bbox 351 1651 439 1732; x_wconf 92' lang='lat' dir='ltr'><strong>apud</strong></span> <span class='ocrx_word' id='word_1_66' title='bbox 472 1649 671 1714; x_wconf 86' lang='lat' dir='ltr'><strong>Archelaum</strong></span> <span class='ocrx_word' id='word_1_67' title='bbox 706 1648 871 1713; x_wconf 89' lang='lat' dir='ltr'><strong>Lucilium</strong></span> <span class='ocrx_word' id='word_1_68' title='bbox 894 1649 973 1735; x_wconf 69' lang='lat' dir='ltr'><strong>legit</strong></span> <span class='ocrx_word' id='word_1_69' title='bbox 990 1649 1070 1714; x_wconf 89' lang='lat' dir='ltr'><strong>sati·</strong></span> 
     </span>
     <span class='ocr_line' id='line_1_12' title="bbox 56 1767 1070 1865; baseline -0.001 -31"><span class='ocrx_word' id='word_1_70' title='bbox 56 1790 197 1853; x_wconf 87' lang='lat' dir='ltr'><strong>ramque</strong></span> <span class='ocrx_word' id='word_1_71' title='bbox 225 1782 334 1852; x_wconf 92' lang='lat' dir='ltr'><strong>postea</strong></span> <span class='ocrx_word' id='word_1_72' title='bbox 363 1769 506 1854; x_wconf 86' lang='lat' dir='ltr'><strong>scripsit,</strong></span> <span class='ocrx_word' id='word_1_73' title='bbox 541 1769 586 1834; x_wconf 92' lang='lat' dir='ltr'><strong>ita</strong></span> <span class='ocrx_word' id='word_1_74' title='bbox 614 1771 654 1834; x_wconf 93' lang='lat' dir='ltr'><strong>de</strong></span> <span class='ocrx_word' id='word_1_75' title='bbox 685 1767 776 1833; x_wconf 89' lang='lat' dir='ltr'><strong>Nicia</strong></span> <span class='ocrx_word' id='word_1_76' title='bbox 799 1771 862 1865; x_wconf 78' lang='lat' dir='ltr'><strong>hoc</strong></span> <span class='ocrx_word' id='word_1_77' title='bbox 892 1769 1070 1833; x_wconf 86' lang='lat' dir='ltr'><strong>memoriae</strong></span> 
     </span>
     <span class='ocr_line' id='line_1_13' title="bbox 58 1886 1068 1973; baseline -0.001 -21"><span class='ocrx_word' id='word_1_78' title='bbox 58 1886 230 1972; x_wconf 88' lang='lat' dir='ltr'><strong>proditum</strong></span> <span class='ocrx_word' id='word_1_79' title='bbox 261 1901 324 1953; x_wconf 87' lang='lat' dir='ltr'><strong>est:</strong></span> <span class='ocrx_word' id='word_1_80' title='bbox 362 1886 498 1971; x_wconf 77' lang='lat' dir='ltr'><strong>«Hujus</strong></span> <span class='ocrx_word' id='word_1_81' title='bbox 519 1889 559 1951; x_wconf 90' lang='lat' dir='ltr'><strong>de</strong></span> <span class='ocrx_word' id='word_1_82' title='bbox 578 1887 706 1952; x_wconf 91' lang='lat' dir='ltr'><strong>Lucilio</strong></span> <span class='ocrx_word' id='word_1_83' title='bbox 723 1886 821 1951; x_wconf 90' lang='lat' dir='ltr'><strong>libros</strong></span> <span class='ocrx_word' id='word_1_84' title='bbox 837 1887 937 1951; x_wconf 90' lang='lat' dir='ltr'><strong>etiam</strong></span> <span class='ocrx_word' id='word_1_85' title='bbox 960 1900 1068 1973; x_wconf 80' lang='lat' dir='ltr'><strong>satyra</strong></span> 
     </span>
     <span class='ocr_line' id='line_1_14' title="bbox 57 2002 1070 2093; baseline -0.003 -22"><span class='ocrx_word' id='word_1_86' title='bbox 57 2006 266 2090; x_wconf 90' lang='lat' dir='ltr'><strong>comprobat.</strong></span> <span class='ocrx_word' id='word_1_87' title='bbox 280 2027 299 2067; x_wconf 91' lang='grc'>»</span> <span class='ocrx_word' id='word_1_88' title='bbox 345 2006 451 2071; x_wconf 86' lang='lat' dir='ltr'><strong>Fuere</strong></span> <span class='ocrx_word' id='word_1_89' title='bbox 479 2006 536 2091; x_wconf 91' lang='lat' dir='ltr'><strong>qui</strong></span> <span class='ocrx_word' id='word_1_90' title='bbox 562 2002 697 2071; x_wconf 80' lang='lat' dir='ltr'><strong>Santra</strong></span> <span class='ocrx_word' id='word_1_91' title='bbox 730 2027 792 2090; x_wconf 93' lang='lat' dir='ltr'><strong>pro</strong></span> <span class='ocrx_word' id='word_1_92' title='bbox 814 2007 931 2070; x_wconf 80' lang='lat' dir='ltr'><strong>satira</strong></span> <span class='ocrx_word' id='word_1_93' title='bbox 956 2008 1070 2093; x_wconf 71' lang='lat' dir='ltr'><strong>legen-</strong></span> 
     </span>
     <span class='ocr_line' id='line_1_15' title="bbox 57 2122 1069 2209; baseline -0.002 -19"><span class='ocrx_word' id='word_1_94' title='bbox 57 2128 141 2190; x_wconf 91' lang='lat' dir='ltr'><strong>dum</strong></span> <span class='ocrx_word' id='word_1_95' title='bbox 172 2138 338 2209; x_wconf 88' lang='lat' dir='ltr'><strong>putarent.</strong></span> <span class='ocrx_word' id='word_1_96' title='bbox 383 2125 530 2189; x_wconf 85' lang='lat' dir='ltr'><strong>Diintzer</strong></span> <span class='ocrx_word' id='word_1_97' title='bbox 554 2125 652 2188; x_wconf 88' lang='lat' dir='ltr'><strong>aliam</strong></span> <span class='ocrx_word' id='word_1_98' title='bbox 672 2122 861 2208; x_wconf 90' lang='lat' dir='ltr'><strong>opinionem</strong></span> <span class='ocrx_word' id='word_1_99' title='bbox 878 2124 997 2189; x_wconf 84' lang='lat' dir='ltr'><strong>edidit:</strong></span> <span class='ocrx_word' id='word_1_100' title='bbox 1022 2125 1069 2190; x_wconf 91' lang='lat' dir='ltr'><strong>vi·</strong></span> 
     </span>
     <span class='ocr_line' id='line_1_16' title="bbox 57 2242 1070 2330; baseline -0.001 -21"><span class='ocrx_word' id='word_1_101' title='bbox 57 2247 156 2309; x_wconf 90' lang='lat' dir='ltr'><strong>detur</strong></span> <span class='ocrx_word' id='word_1_102' title='bbox 189 2245 216 2307; x_wconf 92' lang='lat' dir='ltr'><strong>ei</strong></span> <span class='ocrx_word' id='word_1_103' title='bbox 242 2243 356 2310; x_wconf 87' lang='lat' dir='ltr'><strong>Cicero</strong></span> <span class='ocrx_word' id='word_1_104' title='bbox 375 2242 472 2308; x_wconf 74' lang='lat' dir='ltr'><strong>satiri</strong></span> <span class='ocrx_word' id='word_1_105' title='bbox 495 2266 520 2309; x_wconf 86' lang='lat' dir='ltr'><strong>s.</strong></span> <span class='ocrx_word' id='word_1_106' title='bbox 544 2244 782 2330; x_wconf 76' lang='lat' dir='ltr'><strong>epigrammate</strong></span> <span class='ocrx_word' id='word_1_107' title='bbox 804 2242 912 2308; x_wconf 88' lang='lat' dir='ltr'><strong>Niciae</strong></span> <span class='ocrx_word' id='word_1_108' title='bbox 934 2245 975 2308; x_wconf 91' lang='lat' dir='ltr'><strong>de</strong></span> <span class='ocrx_word' id='word_1_109' title='bbox 996 2243 1070 2308; x_wconf 88' lang='lat' dir='ltr'><strong>Lu·</strong></span> 
     </span>
     <span class='ocr_line' id='line_1_17' title="bbox 55 2361 1070 2448; baseline -0.001 -21"><span class='ocrx_word' id='word_1_110' title='bbox 55 2363 133 2427; x_wconf 89' lang='lat' dir='ltr'><strong>cilio</strong></span> <span class='ocrx_word' id='word_1_111' title='bbox 166 2362 266 2428; x_wconf 87' lang='lat' dir='ltr'><strong>libros</strong></span> <span class='ocrx_word' id='word_1_112' title='bbox 296 2361 454 2427; x_wconf 88' lang='lat' dir='ltr'><strong>allusisse:</strong></span> <span class='ocrx_word' id='word_1_113' title='bbox 478 2384 580 2448; x_wconf 88' lang='lat' dir='ltr'><strong>quam</strong></span> <span class='ocrx_word' id='word_1_114' title='bbox 601 2363 734 2427; x_wconf 88' lang='lat' dir='ltr'><strong>satiram</strong></span> <span class='ocrx_word' id='word_1_115' title='bbox 757 2363 792 2426; x_wconf 92' lang='lat' dir='ltr'><strong>in</strong></span> <span class='ocrx_word' id='word_1_116' title='bbox 812 2361 950 2427; x_wconf 89' lang='lat' dir='ltr'><strong>Limone</strong></span> <span class='ocrx_word' id='word_1_117' title='bbox 977 2375 1070 2447; x_wconf 91' lang='lat' dir='ltr'><strong>putat</strong></span> 
     </span>
     <span class='ocr_line' id='line_1_18' title="bbox 57 2453 1071 2566; baseline -0.002 -20"><span class='ocrx_word' id='word_1_118' title='bbox 57 2480 211 2546; x_wconf 83' lang='lat' dir='ltr'><strong>exstitisse</strong></span> <span class='ocrx_word' id='word_1_119' title='bbox 225 2480 251 2545; x_wconf 79' lang='lat'><strong>¹.</strong></span> <span class='ocrx_word' id='word_1_120' title='bbox 297 2479 395 2566; x_wconf 87' lang='lat' dir='ltr'><strong>Quod</strong></span> <span class='ocrx_word' id='word_1_121' title='bbox 408 2494 519 2545; x_wconf 90' lang='lat' dir='ltr'><strong>tamen</strong></span> <span class='ocrx_word' id='word_1_122' title='bbox 537 2480 614 2565; x_wconf 90' lang='lat' dir='ltr'><strong>quia</strong></span> <span class='ocrx_word' id='word_1_123' title='bbox 633 2480 802 2562; x_wconf 87' lang='lat' dir='ltr'><strong>speciosius</strong></span> <span class='ocrx_word' id='word_1_124' title='bbox 826 2481 973 2558; x_wconf 88' lang='lat' dir='ltr'><strong>videtur,</strong></span> <span class='ocrx_word' id='word_1_125' title='bbox 995 2453 1071 2544; x_wconf 88' lang='lat' dir='ltr'><strong>ma-</strong></span> 
     </span>
     <span class='ocr_line' id='line_1_19' title="bbox 59 2595 1069 2683; baseline 0.002 -21"><span class='ocrx_word' id='word_1_126' title='bbox 59 2599 119 2662; x_wconf 90' lang='lat' dir='ltr'><strong>lim</strong></span> <span class='ocrx_word' id='word_1_127' title='bbox 143 2598 348 2675; x_wconf 81' lang='lat' dir='ltr'><strong>existimare,</strong></span> <span class='ocrx_word' id='word_1_128' title='bbox 383 2597 480 2663; x_wconf 89' lang='lat' dir='ltr'><strong>satira</strong></span> <span class='ocrx_word' id='word_1_129' title='bbox 514 2600 657 2683; x_wconf 91' lang='lat' dir='ltr'><strong>quadam</strong></span> <span class='ocrx_word' id='word_1_130' title='bbox 680 2595 806 2662; x_wconf 90' lang='lat' dir='ltr'><strong>Niciam</strong></span> <span class='ocrx_word' id='word_1_131' title='bbox 831 2598 930 2662; x_wconf 89' lang='lat' dir='ltr'><strong>libros</strong></span> <span class='ocrx_word' id='word_1_132' title='bbox 949 2619 1022 2663; x_wconf 88' lang='lat' dir='ltr'><strong>suos</strong></span> <span class='ocrx_word' id='word_1_133' title='bbox 1044 2621 1069 2664; x_wconf 89' lang='lat' dir='ltr'><strong>s.</strong></span> 
     </span>
     <span class='ocr_line' id='line_1_20' title="bbox 58 2716 1070 2801; baseline -0.003 -20"><span class='ocrx_word' id='word_1_134' title='bbox 58 2718 311 2781; x_wconf 81' lang='lat' dir='ltr'><strong>commentarios</strong></span> <span class='ocrx_word' id='word_1_135' title='bbox 341 2719 380 2781; x_wconf 92' lang='lat' dir='ltr'><strong>de</strong></span> <span class='ocrx_word' id='word_1_136' title='bbox 410 2717 554 2793; x_wconf 91' lang='lat' dir='ltr'><strong>Lucilio,</strong></span> <span class='ocrx_word' id='word_1_137' title='bbox 574 2717 630 2801; x_wconf 92' lang='lat' dir='ltr'><strong>qui</strong></span> <span class='ocrx_word' id='word_1_138' title='bbox 651 2720 721 2801; x_wconf 86' lang='lat' dir='ltr'><strong>jam</strong></span> <span class='ocrx_word' id='word_1_139' title='bbox 742 2716 905 2798; x_wconf 90' lang='lat' dir='ltr'><strong>perierant</strong></span> <span class='ocrx_word' id='word_1_140' title='bbox 922 2729 1070 2800; x_wconf 87' lang='lat' dir='ltr'><strong>tempore</strong></span> 
     </span>
     <span class='ocr_line' id='line_1_21' title="bbox 56 2833 961 2922; baseline 0.001 -23"><span class='ocrx_word' id='word_1_141' title='bbox 56 2835 222 2918; x_wconf 86' lang='lat' dir='ltr'><strong>scriptoris</strong></span> <span class='ocrx_word' id='word_1_142' title='bbox 245 2838 285 2900; x_wconf 90' lang='lat' dir='ltr'><strong>de</strong></span> <span class='ocrx_word' id='word_1_143' title='bbox 304 2834 484 2900; x_wconf 88' lang='lat' dir='ltr'><strong>illustribus</strong></span> <span class='ocrx_word' id='word_1_144' title='bbox 507 2833 752 2922; x_wconf 76' lang='lat' dir='ltr'><strong>grammaticis,</strong></span> <span class='ocrx_word' id='word_1_145' title='bbox 776 2835 961 2918; x_wconf 82' lang='lat' dir='ltr'><strong>respexisse.</strong></span> 
     </span>
    </p>

    <p class='ocr_par' dir='ltr' id='par_1_5' title="bbox 57 2953 1073 3873">
     <span class='ocr_line' id='line_1_22' title="bbox 104 2953 1072 3040; baseline -0.003 -20"><span class='ocrx_word' id='word_1_146' title='bbox 104 2954 322 3020; x_wconf 88' lang='lat' dir='ltr'><strong>Redeundum</strong></span> <span class='ocrx_word' id='word_1_147' title='bbox 342 2953 398 3019; x_wconf 89' lang='lat' dir='ltr'><strong>hic</strong></span> <span class='ocrx_word' id='word_1_148' title='bbox 411 2957 452 3019; x_wconf 93' lang='lat' dir='ltr'><strong>ad</strong></span> <span class='ocrx_word' id='word_1_149' title='bbox 469 2953 488 3018; x_wconf 86' lang='lat' dir='ltr'><strong>J</strong></span> <span class='ocrx_word' id='word_1_150' title='bbox 496 2954 621 3018; x_wconf 92' lang='lat' dir='ltr'><strong>ulium</strong></span> <span class='ocrx_word' id='word_1_151' title='bbox 644 2954 671 3019; x_wconf 90' lang='lat' dir='ltr'>F</span> <span class='ocrx_word' id='word_1_152' title='bbox 678 2957 820 3030; x_wconf 85' lang='lat' dir='ltr'><strong>lorum,</strong></span> <span class='ocrx_word' id='word_1_153' title='bbox 832 2956 873 3018; x_wconf 90' lang='lat' dir='ltr'><strong>ad</strong></span> <span class='ocrx_word' id='word_1_154' title='bbox 884 2975 985 3040; x_wconf 88' lang='lat' dir='ltr'><strong>quem</strong></span> <span class='ocrx_word' id='word_1_155' title='bbox 996 2967 1072 3019; x_wconf 89' lang='lat' dir='ltr'><strong>sunt</strong></span> 
     </span>
     <span class='ocr_line' id='line_1_23' title="bbox 59 3073 1070 3160; baseline -0.001 -21"><span class='ocrx_word' id='word_1_156' title='bbox 59 3074 184 3139; x_wconf 88' lang='lat' dir='ltr'><strong>Horatii</strong></span> <span class='ocrx_word' id='word_1_157' title='bbox 209 3075 381 3159; x_wconf 86' lang='lat' dir='ltr'><strong>Epistolae.</strong></span> <span class='ocrx_word' id='word_1_158' title='bbox 436 3075 514 3160; x_wconf 86' lang='lat' dir='ltr'><strong>Ejus</strong></span> <span class='ocrx_word' id='word_1_159' title='bbox 543 3077 659 3140; x_wconf 86' lang='lat' dir='ltr'><strong>electas</strong></span> <span class='ocrx_word' id='word_1_160' title='bbox 690 3097 729 3139; x_wconf 88' lang='lat' dir='ltr'><strong>ex</strong></span> <span class='ocrx_word' id='word_1_161' title='bbox 761 3075 889 3151; x_wconf 90' lang='lat' dir='ltr'><strong>Ennio,</strong></span> <span class='ocrx_word' id='word_1_162' title='bbox 925 3073 1070 3150; x_wconf 93' lang='lat' dir='ltr'><strong>Lucilio,</strong></span> 
     </span>
     <span class='ocr_line' id='line_1_24' title="bbox 57 3193 1071 3277; baseline -0.002 -18"><span class='ocrx_word' id='word_1_163' title='bbox 57 3193 206 3259; x_wconf 90' lang='lat' dir='ltr'><strong>Varrone</strong></span> <span class='ocrx_word' id='word_1_164' title='bbox 239 3193 351 3258; x_wconf 89' lang='lat' dir='ltr'><strong>satiras</strong></span> <span class='ocrx_word' id='word_1_165' title='bbox 369 3195 439 3277; x_wconf 89' lang='lat' dir='ltr'><strong>jam</strong></span> <span class='ocrx_word' id='word_1_166' title='bbox 463 3193 677 3259; x_wconf 85' lang='lat' dir='ltr'><strong>laudavimus.</strong></span> <span class='ocrx_word' id='word_1_167' title='bbox 723 3193 817 3258; x_wconf 88' lang='lat' dir='ltr'><strong>Visus</strong></span> <span class='ocrx_word' id='word_1_168' title='bbox 841 3206 888 3258; x_wconf 86' lang='lat' dir='ltr'><strong>est</strong></span> <span class='ocrx_word' id='word_1_169' title='bbox 907 3193 1071 3257; x_wconf 87' lang='lat' dir='ltr'><strong>nonnullis</strong></span> 
     </span>
     <span class='ocr_line' id='line_1_25' title="bbox 58 3309 1073 3398; baseline -0.001 -23"><span class='ocrx_word' id='word_1_170' title='bbox 58 3312 92 3375; x_wconf 90' lang='lat' dir='ltr'><strong>in</strong></span> <span class='ocrx_word' id='word_1_171' title='bbox 124 3311 424 3398; x_wconf 76' lang='lat' dir='ltr'><strong>satirographorum</strong></span> <span class='ocrx_word' id='word_1_172' title='bbox 453 3332 631 3374; x_wconf 89' lang='lat' dir='ltr'><strong>numerum</strong></span> <span class='ocrx_word' id='word_1_173' title='bbox 666 3313 875 3387; x_wconf 89' lang='lat' dir='ltr'><strong>referendus,</strong></span> <span class='ocrx_word' id='word_1_174' title='bbox 907 3309 986 3397; x_wconf 90' lang='lat' dir='ltr'><strong>quia</strong></span> <span class='ocrx_word' id='word_1_175' title='bbox 1017 3311 1073 3374; x_wconf 91' lang='lat' dir='ltr'><strong>di-</strong></span> 
     </span>
     <span class='ocr_line' id='line_1_26' title="bbox 57 3430 1070 3514; baseline 0.001 -19"><span class='ocrx_word' id='word_1_176' title='bbox 57 3444 141 3495; x_wconf 89' lang='lat' dir='ltr'><strong>serte</strong></span> <span class='ocrx_word' id='word_1_177' title='bbox 174 3430 347 3496; x_wconf 87' lang='lat' dir='ltr'><strong>satirarum</strong></span> <span class='ocrx_word' id='word_1_178' title='bbox 377 3430 515 3514; x_wconf 89' lang='lat' dir='ltr'><strong>scriptor</strong></span> <span class='ocrx_word' id='word_1_179' title='bbox 543 3452 564 3495; x_wconf 88' lang='lat' dir='ltr'><strong>a</strong></span> <span class='ocrx_word' id='word_1_180' title='bbox 586 3443 712 3495; x_wconf 84' lang='lat' dir='ltr'><strong>vetusto</strong></span> <span class='ocrx_word' id='word_1_181' title='bbox 732 3430 909 3514; x_wconf 88' lang='lat' dir='ltr'><strong>interprete</strong></span> <span class='ocrx_word' id='word_1_182' title='bbox 932 3430 1070 3496; x_wconf 89' lang='lat' dir='ltr'><strong>dicatur.</strong></span> 
     </span>
     <span class='ocr_line' id='line_1_27' title="bbox 58 3546 1068 3633; baseline -0.002 -21"><span class='ocrx_word' id='word_1_183' title='bbox 58 3547 123 3612; x_wconf 85' lang='lat' dir='ltr'><strong>Sed</strong></span> <span class='ocrx_word' id='word_1_184' title='bbox 146 3552 208 3613; x_wconf 88' lang='lat' dir='ltr'><strong>hoc</strong></span> <span class='ocrx_word' id='word_1_185' title='bbox 228 3572 304 3614; x_wconf 92' lang='lat' dir='ltr'><strong>eum</strong></span> <span class='ocrx_word' id='word_1_186' title='bbox 326 3553 398 3614; x_wconf 92' lang='lat' dir='ltr'><strong>loco</strong></span> <span class='ocrx_word' id='word_1_187' title='bbox 418 3549 470 3613; x_wconf 90' lang='lat' dir='ltr'><strong>alii</strong></span> <span class='ocrx_word' id='word_1_188' title='bbox 495 3548 722 3613; x_wconf 88' lang='lat' dir='ltr'><strong>deturbarunt.</strong></span> <span class='ocrx_word' id='word_1_189' title='bbox 747 3547 862 3633; x_wconf 86' lang='lat' dir='ltr'><strong>Itaque</strong></span> <span class='ocrx_word' id='word_1_190' title='bbox 874 3546 1068 3617; x_wconf 86' lang='lat' dir='ltr'><strong>Weichert:</strong></span> 
     </span>
     <span class='ocr_line' id='line_1_28' title="bbox 57 3666 1068 3752; baseline -0.001 -21"><span class='ocrx_word' id='word_1_191' title='bbox 57 3666 125 3752; x_wconf 85' lang='lat' dir='ltr'><strong>Qui</strong></span> <span class='ocrx_word' id='word_1_192' title='bbox 158 3669 281 3733; x_wconf 81' lang='lat' dir='ltr'><strong>Electae</strong></span> <span class='ocrx_word' id='word_1_193' title='bbox 306 3691 344 3734; x_wconf 83' lang='lat' dir='ltr'><strong>ex</strong></span> <span class='ocrx_word' id='word_1_194' title='bbox 367 3668 433 3732; x_wconf 90' lang='lat' dir='ltr'><strong>aliis</strong></span> <span class='ocrx_word' id='word_1_195' title='bbox 458 3668 559 3752; x_wconf 78' lang='lat' dir='ltr'><strong>poe&#39;tis</strong></span> <span class='ocrx_word' id='word_1_196' title='bbox 578 3667 718 3732; x_wconf 86' lang='lat' dir='ltr'><strong>instituit</strong></span> <span class='ocrx_word' id='word_1_197' title='bbox 736 3680 769 3734; x_wconf 87' lang='lat' dir='ltr'><strong>et</strong></span> <span class='ocrx_word' id='word_1_198' title='bbox 788 3667 822 3730; x_wconf 90' lang='lat' dir='ltr'><strong>in</strong></span> <span class='ocrx_word' id='word_1_199' title='bbox 845 3670 953 3731; x_wconf 88' lang='lat' dir='ltr'><strong>lucem</strong></span> <span class='ocrx_word' id='word_1_200' title='bbox 982 3666 1068 3743; x_wconf 87' lang='lat' dir='ltr'><strong>edit,</strong></span> 
     </span>
     <span class='ocr_line' id='line_1_29' title="bbox 62 3785 1068 3873; baseline -0.001 -23"><span class='ocrx_word' id='word_1_201' title='bbox 62 3788 130 3851; x_wconf 84' lang='lat' dir='ltr'><strong>veri</strong></span> <span class='ocrx_word' id='word_1_202' title='bbox 153 3793 248 3870; x_wconf 72' lang='lat' dir='ltr'><strong>polita</strong></span> <span class='ocrx_word' id='word_1_203' title='bbox 271 3788 410 3851; x_wconf 88' lang='lat' dir='ltr'><strong>nominis</strong></span> <span class='ocrx_word' id='word_1_204' title='bbox 435 3809 540 3872; x_wconf 89' lang='lat' dir='ltr'><strong>neque</strong></span> <span class='ocrx_word' id='word_1_205' title='bbox 558 3786 620 3851; x_wconf 87' lang='lat' dir='ltr'><strong>dici</strong></span> <span class='ocrx_word' id='word_1_206' title='bbox 633 3808 738 3871; x_wconf 88' lang='lat' dir='ltr'><strong>neque</strong></span> <span class='ocrx_word' id='word_1_207' title='bbox 751 3785 862 3852; x_wconf 89' lang='lat' dir='ltr'><strong>haberi</strong></span> <span class='ocrx_word' id='word_1_208' title='bbox 877 3795 994 3873; x_wconf 84' lang='lat' dir='ltr'><strong>potest.</strong></span> <span class='ocrx_word' id='word_1_209' title='bbox 1018 3785 1068 3850; x_wconf 86' lang='lat' dir='ltr'><strong>Ex</strong></span> 
     </span>
    </p>
   </div>
   <div class='ocr_carea' id='block_1_4' title="bbox 95 4136 607 4204">
    <p class='ocr_par' dir='ltr' id='par_1_6' title="bbox 95 4136 607 4204">
     <span class='ocr_line' id='line_1_30' title="bbox 95 4136 607 4204; baseline 0.004 -17"><span class='ocrx_word' id='word_1_210' title='bbox 95 4151 108 4187; x_wconf 84' lang='lat'><em>1</em></span> <span class='ocrx_word' id='word_1_211' title='bbox 148 4138 199 4204; x_wconf 77' lang='lat' dir='ltr'><strong>Op.</strong></span> <span class='ocrx_word' id='word_1_212' title='bbox 217 4136 237 4187; x_wconf 83' lang='lat' dir='ltr'><strong>I.</strong></span> <span class='ocrx_word' id='word_1_213' title='bbox 256 4153 284 4201; x_wconf 88' lang='lat' dir='ltr'><strong>p.</strong></span> <span class='ocrx_word' id='word_1_214' title='bbox 305 4136 346 4190; x_wconf 80' lang='lat'><strong>13.</strong></span> <span class='ocrx_word' id='word_1_215' title='bbox 365 4140 407 4190; x_wconf 85' lang='lat' dir='ltr'><strong>De</strong></span> <span class='ocrx_word' id='word_1_216' title='bbox 425 4137 476 4195; x_wconf 78' lang='lat' dir='ltr'><strong>Ill.</strong></span> <span class='ocrx_word' id='word_1_217' title='bbox 498 4140 546 4189; x_wconf 81' lang='lat' dir='ltr'><strong>Or.</strong></span> <span class='ocrx_word' id='word_1_218' title='bbox 566 4138 607 4189; x_wconf 69' lang='lat' dir='ltr'><strong>ti.</strong></span> 
     </span>
    </p>
   </div>
   <div class='ocr_carea' id='block_1_5' title="bbox 0 0 1294 4756">
    <p class='ocr_par' dir='ltr' id='par_1_7' title="bbox 0 0 1294 4756">
     <span class='ocr_line' id='line_1_31' title="bbox 0 0 1294 4756; baseline 0 0"><span class='ocrx_word' id='word_1_219' title='bbox 0 0 1294 4756; x_wconf 95' lang='lat' dir='ltr'><strong> </strong></span> 
     </span>
    </p>
   </div>
  </div>
 </body>
</html>
