2580 4756
679 355 741 416 136

202 533 297 604 Unde
328 534 409 596 illud
439 497 630 619 intelligitur
660 552 728 596 non
761 532 829 596 sine
860 531 928 596 veri
947 532 1077 616 specie,
1100 538 1214 600 fructu

201 673 270 716 non
305 651 492 734 destitutam
526 651 619 715 fuisse
648 649 764 714 Lucilii
796 649 831 713 in
859 652 1069 717 emendandis
1101 655 1213 737 populi

202 769 349 834 moribus
369 770 544 853 studiisque
564 769 763 834 continendis
781 790 819 833 ac
841 767 1059 853 reprimendis
1078 773 1215 855 positam

203 888 417 975 diligentiam.
462 886 530 954 Nec
558 910 633 952 sane
657 888 765 953 minus
782 890 898 953 eodem
922 891 1032 956 valent
1055 912 1215 974 parumve

202 1009 396 1090 persuadent
419 1006 582 1072 luvenalis
605 1007 727 1083 verba,
751 1008 930 1071 earundem
950 1007 1131 1072 satirarum
1148 1006 1213 1073 vim

203 1126 430 1190 admirabilem
452 1126 545 1190 fuisse
577 1139 610 1190 et
639 1147 800 1210 perquam
822 1128 1017 1191 salutarem:
1042 1127 1107 1192 iras
1128 1127 1212 1191 enim

203 1259 236 1310 et
269 1245 441 1323 lacrimas,
483 1247 609 1328 pudore
633 1245 808 1321 excitatas,
846 1243 984 1311 movisse
1012 1240 1213 1312 auditoribus

203 1364 414 1447 quantumvis
443 1364 531 1427 duris
562 1377 595 1428 et
625 1362 751 1450 frigidis
784 1364 961 1441 dicamur,
984 1364 1031 1430 ita
1047 1379 1210 1431 uteorum

202 1494 337 1564 pectora
359 1481 456 1545 tacita
470 1482 568 1565 culpa
589 1484 743 1547 sudarent
756 1482 783 1548 ¹.
828 1481 917 1568 Quos
937 1485 1094 1549 salutares
1113 1497 1146 1550 et
1169 1487 1212 1549 el·

202 1603 317 1666 ficaces
349 1600 450 1664 animi
485 1621 611 1664 morsus
637 1600 804 1666 mirumne
835 1603 903 1686 ejus
934 1607 1049 1686 politae
1087 1603 1211 1690 ingenio

203 1719 284 1784 effici
321 1721 477 1803 potuisse,
518 1722 610 1804 cujus
640 1721 782 1803 optimae
812 1742 890 1808 erga
918 1721 1021 1787 bonos
1055 1722 1209 1788 voluntati

202 1839 423 1926 singularique
462 1839 696 1904 benivolentiae
731 1861 790 1924 par
820 1842 995 1924 conjuncta
1023 1856 1106 1907 esset
1139 1864 1209 1907 cum

203 1956 274 2022 vitii
290 1957 463 2044 indagandi
480 1955 634 2044 sagacitas
663 1971 736 2020 tum
763 1960 897 2024 facultas
925 1971 958 2025 et
979 1961 1116 2041 audacia
1137 1951 1230 2045 pers

202 2075 381 2160 sequendi?
416 2074 625 2160 Quapropter
656 2098 724 2141 non
753 2078 943 2143 dubitamus
970 2079 1073 2144 fidem
1096 2080 1209 2147 habere

207 2194 345 2260 Claudio
362 2194 486 2258 Rutilio
508 2197 547 2258 de
564 2195 691 2259 Lucilio
711 2197 863 2262 canenti:

273 2309 443 2377 Restituit
467 2324 609 2377 veterem
632 2317 786 2378 censoria
811 2315 900 2380 limo
920 2305 1124 2404 pudorcffl.

247 2491 303 2557 His
326 2491 474 2558 universe
494 2493 643 2570 monitis,
668 2494 832 2560 videamus
853 2496 932 2581 quid
949 2498 1129 2563 memoriae
1141 2519 1210 2584 pro-

206 2611 313 2683 ditum
349 2612 390 2677 sit
423 2615 463 2676 de
492 2634 591 2697 opera
618 2636 638 2676 a
671 2613 746 2678 viris
779 2615 912 2679 literatis
931 2614 967 2678 in
988 2616 1107 2683 Lucilii
1131 2618 1211 2702 podsi

204 2733 369 2795 collocata.
415 2728 507 2815 Quae
536 2729 717 2816 disquisitio
744 2753 783 2796 eo
806 2735 879 2815 plus
909 2733 1030 2799 habere
1056 2734 1211 2800 momenti

204 2849 353 2925 videtur,
386 2870 454 2933 quo
482 2848 667 2936 graviorem
688 2855 802 2932 poe'tae
832 2853 920 2935 apud
940 2866 1084 2936 posteros
1100 2868 1211 2920 aucto·

203 2969 338 3033 ritatem
371 2971 693 3055 frequentioremque
722 2972 908 3036 carminum
928 2975 995 3057 ejus
1017 2995 1115 3038 usum
1136 2996 1212 3040 con·

204 3100 268 3152 stat
286 3087 392 3151 fuisse.
425 3086 541 3151 Lucilii
564 3089 698 3167 satiras,
715 3104 888 3176 postquam
913 3093 1058 3157 exierant
1077 3117 1118 3158 ex
1141 3115 1210 3160 auc-

205 3205 284 3268 toris
312 3203 486 3279 manibus,
523 3225 589 3268 non
618 3207 728 3270 statim
761 3209 916 3274 Romanis
947 3211 1124 3278 innotuisse
1144 3212 1216 3276 indc-

207 3323 339 3399 efficias,
374 3324 463 3408 quod
481 3322 514 3385 in
540 3323 576 3387 iis
599 3325 809 3407 scriptoribus
829 3342 1049 3407 memoratur,
1073 3352 1210 3415 quorum

206 3465 325 3527 parum
353 3443 520 3529 divulgata
548 3443 692 3507 carmina
713 3446 896 3531 diligentius
922 3461 1210 3513 retractarentura

207 3562 393 3636 nonnullis,
427 3583 465 3626 ac
491 3563 629 3649 legendo
657 3567 974 3649 commentandoque
989 3567 1088 3630 etiam
1105 3565 1209 3631 ceteris

209 3692 287 3744 nota
316 3681 442 3745 fierent.
489 3680 581 3746 Hanc
601 3695 712 3745 tamen
737 3683 910 3747 bominum
927 3683 1157 3771 negligentiam
1180 3694 1207 3746 et

210 3798 370 3862 incuriam
396 3799 501 3864 verius
522 3803 652 3865 fortasse
676 3800 786 3866 Naevii
808 3802 969 3887 Enniique
987 3803 1105 3886 scripta
1128 3822 1205 3891 passa

249 4072 258 4108 ι
299 4053 366 4119 sup.
387 4072 414 4120 p·
433 4056 476 4123 89.

247 4171 263 4205 2
299 4152 366 4218 Sap.
386 4169 412 4218 p·
433 4153 490 4205 130.
