2580 4756
683 365 745 426 tlt

563 579 607 590 —
630 565 806 607 servaram
823 554 872 606 eet
887 542 1007 631 festus
1031 545 1105 610 dies
1129 547 1212 624 tte,

264 664 372 752 Quem
393 662 499 750 place
522 661 718 727 hexametro
738 685 839 727 verta
859 662 1053 730 condicere
1073 670 1195 753 poesia
1207 667 1231 733 ¹.

219 782 575 868 ln‘hisglossographis
590 780 654 845 suit
676 763 852 865 Opillius
876 780 1078 851 Aurelius.
1102 785 1230 851 Festus:

219 927 236 966 u
252 900 488 989 Querqaeram
514 898 672 987 febrem3
695 921 830 986 gravem
856 914 888 965 et
907 923 1075 988 magnam.
1089 939 1135 952 -·
1159 903 1228 969 Au-

217 1021 312 1086 relius
341 1017 466 1103 Opilius
499 1017 653 1105 frigidam
687 1018 731 1083 ait
765 1017 830 1082 dici
850 1032 883 1084 et
902 1040 979 1084 cum
999 1021 1140 1087 horrore
1156 1035 1223 1087 tre·

216 1153 374 1206 mentem.
420 1135 537 1202 Santra
564 1159 638 1201 eam
673 1158 712 1201 ex
748 1136 873 1202 Graeco
896 1138 1027 1204 deducit
1037 1176 1094 1206 —.
1109 1159 1128 1200 u
1176 1138 1227 1206 Se·

217 1258 331 1344 quitur
363 1257 466 1323 Plauti
496 1278 627 1334 venus,
664 1276 731 1341 quo
762 1255 851 1321 bilia
874 1279 1084 1344 querquerae
1107 1259 1226 1324 mentio

216 1375 267 1442 lit.
314 1376 402 1441 Eum
425 1374 591 1458 excipiunt
614 1376 680 1439 duo
703 1373 820 1439 Lucilii
844 1397 968 1453 versus,
992 1375 1113 1460 quibus
1127 1400 1225 1465 qaor-

216 1520 322 1585 quera
336 1495 454 1585 sciria
478 1508 683 1560 memoratur
700 1494 728 1562 ².
773 1494 958 1583 Nanigitur
977 1496 1156 1575 Plautum²
1175 1500 1224 1565 sed

217 1618 381 1682 Lucilium
414 1615 525 1699 Opillii
554 1615 780 1699 interpretatio
802 1630 935 1700 spectat.
982 1617 1120 1704 Legitur
1143 1619 1223 1703 apud

215 1739 355 1801 eundem
369 1746 380 1798 ε’
402 1733 599 1802 «Batitam
623 1734 852 1822 quadrantem
876 1734 1064 1821 Tarquitius
1086 1737 1121 1800 in
1144 1738 1222 1805 libro

215 1878 316 1941 quem
350 1855 511 1939 inscripsit
539 1857 579 1919 de
603 1901 702 1920 .....
728 1868 761 1918 et
781 1852 910 1943 Oppius
933 1856 968 1942 (l.
992 1854 1133 1945 Opilius)
1157 1857 1223 1924 Au·

215 1976 311 2041 relius
334 1976 460 2040 dictum
484 1988 602 2059 putat,
624 1976 713 2060 quod
734 1974 768 2037 in
792 1994 830 2038 eo
854 1986 886 2039 et
906 1975 1023 2041 triente
1040 1977 1119 2042 ratis
1132 1977 1222 2043 suerit

216 2094 332 2180 effigies
343 2113 429 2158 -.»
456 2093 550 2159 Vidit
572 2090 735 2180 Scaliger,
757 2113 797 2156 ex
819 2092 967 2159 Varrone
989 2095 1107 2161 Lucilii
1129 2096 1220 2163 verba

216 2210 310 2275 Festo
338 2231 403 2274 esse
435 2210 642 2274 restituenda.
687 2209 796 2275 Varro
831 2212 920 2276 enim
950 2212 1014 2277 ita:
1054 2213 1220 2281 «vectura

216 2325 389 2412 quadrans.
435 2326 489 2391 Ab
518 2348 556 2391 eo
585 2326 727 2392 Lucilius
750 2328 896 2413 scripsit:
921 2330 1130 2418 quadranti
1161 2356 1220 2398 ra·

216 2449 304 2522 titi,
339 2445 416 2530 quia
442 2444 565 2510 ratibus
595 2445 776 2510 transibant
786 2446 813 2512 3.
830 2468 847 2506 »
906 2448 1075 2514 Tandem:
1107 2478 1125 2518 «
1141 2451 1218 2516 Tlo-

214 2569 319 2631 mices
347 2564 472 2631 Graeco
502 2563 641 2629 nominc
656 2567 863 2649 appellantur
886 2602 931 2618 -
956 2567 1118 2634 Lucilius:
1155 2569 1192 2637 V
1190 2573 1221 2635 i·

212 2710 290 2752 maa
327 2688 483 2751 circatam
515 2684 662 2748 thomice
696 2684 881 2750 canabina.
935 2684 1075 2770 Opillius
1111 2692 1216 2755 Aure-

217 2805 276 2869 lius
316 2805 362 2868 ait
401 2807 537 2869 mollem
580 2802 782 2887 pulvillum,
829 2827 929 2889 quem
974 2807 1008 2869 in
1052 2810 1137 2872 collo
1170 2811 1221 2872 ha·

212 2923 313 2998 beat,
337 2922 429 2987 restis
446 2945 486 2987 ne
503 2924 630 2999 laedat,
655 2922 837 2989 thomicem
848 2925 966 2990 vocari.
982 2945 999 2985 »
1025 2923 1149 3010 Opillio
1160 2931 1219 2992 lor·

212 3056 292 3106 tasse
315 3042 335 3104 ii
359 3041 415 3126 qui
438 3040 493 3106 hic
514 3045 724 3119 referuntur,
749 3042 866 3108 Santra
888 3057 921 3107 et
944 3044 1135 3128 Tarquitius
1152 3044 1220 3111 addi

211 3174 361 3244 possunt;
392 3161 497 3224 etiam
522 3159 683 3225 Antonius
707 3160 863 3245 Gniph0,
887 3163 962 3228 licet
981 3166 1069 3246 apud
1092 3165 1218 3230 Festum

212 3278 411 3346 Antonias.
428 3327 459 3344 ..
495 3281 621 3365 legatur
635 3277 662 3342 4.
723 3279 797 3346 Huc
829 3281 995 3364 pertinent
1034 3281 1122 3347 Festi
1152 3284 1218 3347 illa:

213 3427 230 3467 a
245 3399 377 3465 Roadea
409 3397 616 3484 Icadionque
650 3420 737 3463 cum*
756 3399 837 3463 dixit
858 3398 1001 3464 Lucilius
1019 3401 1156 3465 nomina
1176 3401 1218 3486 pi·

211 3534 356 3588 ratarum
389 3519 564 3604 posuit-.
579 3536 596 3577 »
645 3541 663 3585 «
685 3516 879 3582 Pedariam
910 3529 1104 3584 amatorem
1122 3520 1216 3608 sigui·

247 3733 260 3772 t
300 3719 422 3770 Gomm.
449 3720 534 3788 Cruq·
552 3719 592 3769 ad
606 3725 678 3774 Hor.
700 3719 761 3768 Sat.
786 3714 811 3781 Ι,
827 3715 856 3779 5,
874 3717 917 3784 87·
952 3718 1086 3770 Lucil.
1110 3721 1215 3788 Fragor.

212 3810 339 3879 Vll&
357 3812 403 3865 cf.
422 3814 605 3869 Ddatzer
627 3817 679 3886 Op.
697 3814 719 3867 l.
737 3830 765 3880 p.
785 3815 831 3867 tlt
853 3813 1146 3882 quiSigillaria
1165 3813 1215 3881 sig·

346 3914 439 3972 ’alth
456 3925 542 3979 quum
558 3911 696 3964 Kaene
722 3909 942 3962 Liberalia
961 3909 1148 3966 existimasset.

432 4006 477 4061 60·

418 4060 565 4171 nune.

425 4200 820 4272 {lanquadranteaa
