2616 4762
704 325 766 387 tte

227 516 301 568 tum
325 503 508 569 iracundiae
526 515 559 568 et
584 503 687 580 sellis,
707 516 870 589 quantum
893 502 1053 571 libertatis
1072 505 1248 591 animique

227 623 424 687 constantiae
457 622 575 688 Lucilii
603 629 758 706 poemata
784 622 996 706 spiraverint:
1028 624 1153 710 quibua
1172 625 1248 690 uir·

226 739 352 805 tutibus
377 741 600 806 inflammatus
632 742 686 805 ille
709 742 869 807 nonsatis
890 741 1127 808 habuitsemel
1149 745 1247 809 vesti-

227 859 281 946 gia
311 860 501 944 antiquioris
518 864 632 944 poetae
650 861 761 945 sequi,
785 882 903 926 verum
927 860 1049 927 iterum
1068 861 1248 949 ingenium

231 979 429 1062 periclitatus
445 1001 486 1044 ex
505 979 619 1044 Lucilii
632 980 717 1044 libro
734 992 854 1065 quarto
871 981 1070 1046 transtulisse
1089 981 1246 1065 primatu

228 1097 314 1162 tertii
331 1097 405 1162 libri
428 1099 560 1163 satiram
582 1099 722 1163 traditur
735 1099 761 1163 ¹.
807 1097 880 1163 Pari
903 1101 975 1165 loco
995 1112 1028 1163 et
1046 1100 1163 1165 studio
1181 1100 1248 1167 lu-

47 1162 153 1304 ll·:·}†
166 1222 209 1275 t2t
229 1217 383 1282 venalis
407 1218 572 1282 Lucilium
593 1216 726 1294 habuit,
750 1231 789 1282 ut
809 1217 1004 1304 intelligitur
1023 1240 1064 1283 ex
1085 1219 1155 1283 his:

274 1336 345 1401 Cur
368 1347 484 1400 tumere
506 1337 568 1402 ltoc
586 1338 710 1422 potirer
734 1335 841 1400 libeat
864 1333 1045 1402 decurrere
1062 1360 1212 1426 compo,
1226 1388 1298 1443 ..4

273 1455 347 1521 Per
367 1480 465 1544 quem
477 1480 626 1546 magretas
641 1480 741 1545 equor
753 1456 1051 1545 Auruncaefleeit
1063 1458 1249 1552 alumnus,

272 1573 315 1641 Se·
334 1589 434 1642 vocat
454 1588 486 1642 et
504 1577 645 1665 placidi
666 1581 840 1643 rationem
863 1577 1083 1656 admittitis,
1101 1579 1246 1649 sdaml.

230 1694 342 1773 Idem,
362 1709 484 1781 quanta
506 1697 553 1762 vis
580 1712 660 1762 esset
689 1698 874 1763 Lucilianae
893 1697 1027 1772 satirae,
1059 1711 1093 1762 et
1114 1700 1246 1783 penitus

227 1815 323 1879 sensit
343 1828 375 1879 et
394 1814 597 1879 disertissime
620 1816 773 1898 expressit
784 1814 812 1880 3.
836 1813 924 1900 Quin
936 1815 1038 1880 satiris
1054 1816 1121 1881 suis
1133 1817 1245 1885 retulit

227 1933 426 2016 peculiarem
447 1933 540 1997 illum
560 1934 661 1999 animi
680 1936 858 2011 allectum,
871 1955 938 2019 quo
955 1934 1098 2000 Lucilius
1123 1914 1248 2001 exeita

228 2064 280 2114 tus
308 2052 418 2116 satiras
451 2053 593 2119 suderat.
639 2053 724 2119 Dicit
760 2053 847 2117 enim
876 2059 993 2138 poe'te:
1024 2050 1069 2118 Si
1109 2066 1241 2121 aarum

226 2181 356 2259 regat,
384 2169 484 2257 sarit
520 2170 729 2261 indignatio
752 2169 926 2238 versum.
973 2170 1084 2258 Quam
1101 2173 1237 2259 quidem

228 2287 271 2351 ob
303 2308 375 2351 rem
393 2286 529 2351 similior
549 2287 596 2352 illi
619 2290 680 2353 fuit
700 2312 801 2374 quam
822 2288 997 2366 Horatius,
1024 2290 1082 2376 qui
1101 2291 1237 2375 joculari

225 2427 375 2472 sermone
396 2427 463 2470 non
483 2407 591 2472 minus
610 2429 711 2492 quam
730 2409 794 2472 acri
815 2431 890 2473 usus
908 2421 989 2474 erat.

272 2525 607 2614 Quintilianus,
630 2548 752 2611 quem,
772 2540 809 2590 ut
831 2527 997 2614 attigimus
1009 2526 1036 2605 ⁵,
1049 2525 1237 2593 Lucilioiu·

225 2646 350 2732 signem
380 2645 415 2708 in
447 2643 544 2709 satira
567 2645 697 2708 laudem
717 2644 864 2708 tribuisse
885 2657 1025 2720 constat,
1050 2666 1090 2708 ex
1115 2664 1156 2710 eo
1178 2646 1235 2709 ho·

225 2765 356 2827 minum
382 2785 500 2849 genere
534 2762 618 2839 suit,
653 2763 709 2847 qui
741 2785 847 2847 neque
880 2763 1061 2828 immodicis
1091 2763 1233 2828 laudibus

225 2883 399 2968 antiquum
423 2889 555 2966 poe'tam
588 2884 758 2959 efferrent,
792 2905 897 2968 neque
923 2883 1018 2948 nimis
1046 2905 1144 2948 uerae
1173 2885 1233 2969 ejus

159 3068 161 3072 ,
227 3001 349 3086 gloriae
379 3022 416 3065 ac
437 3001 561 3065 meritis
583 3001 813 3066 obtrectarent.
860 3000 967 3066 Patuit
985 3001 1100 3079 nohis,
1128 3023 1231 3088 quau·

227 3132 296 3184 tam
309 3118 369 3182 sibi
388 3117 562 3195 Horatius,
592 3119 692 3183 libere
703 3119 896 3184 sententiam
915 3121 1067 3195 ferendo,
1083 3119 1231 3185 mvidiam
1296 3138 1298 3181 ;

227 3210 399 3303 bominum
434 3235 605 3313 conflarit,
628 3258 795 3322 quamque
814 3237 995 3321 pertinaces
1018 3239 1088 3322 ejus
1114 3259 1230 3324 aequa·

227 3360 273 3423 les
303 3358 337 3421 in
370 3356 573 3420 defendendo
607 3357 835 3440 eli'erendoque
860 3355 985 3421 Lucilio
1009 3357 1143 3423 fuerint.
1188 3355 1229 3422 Ex
1293 3336 1298 3411 J

226 3498 265 3542 eo
283 3490 431 3562 tempore
455 3474 685 3540 deferbuerant
705 3475 823 3540 sensim
848 3475 977 3563 ingenia
997 3498 1057 3542 nec
1077 3490 1149 3542 tam
1163 3495 1229 3541 coe·

261 3747 272 3783 t
316 3730 502 3786 (llos-sar.
522 3736 560 3787 ad
575 3735 673 3786 Persii
694 3736 754 3786 Sat.
774 3732 832 3799 ΙΙΙ,
854 3749 878 3788 t·

261 3849 277 3883 2
313 3827 495 3896 Sup.p.5l.

261 3925 277 3976 5
311 3925 383 3979 Eod.
401 3943 428 3992 p.
445 3929 491 3995 89.

259 4023 277 4076 4
310 4023 496 4093 .Sat.l,7q·

260 4120 275 4170 5
313 4119 507 4188 supp-111.

190 4360 362 4448 A
