2580 4756
545 367 609 426 243

66 527 198 609 toritas,
237 557 339 619 quam
372 538 486 604 firmat
505 540 674 605 Annibalis
697 542 731 604 in
747 542 865 608 Lucilii
891 539 1082 631 fragmentis

61 653 192 717 mentio
205 653 238 729 1,
275 656 437 738 quamdiu
470 658 561 721 illam
584 661 815 724 auctoritatem
839 663 971 746 gravior
995 664 1078 726 ratio

63 790 135 834 uon
151 773 319 835 sustulerit
344 787 402 837 aut
424 772 621 840 labefecerit.
668 776 756 861 Quid
779 778 907 862 igitur?
932 780 1078 864 inquies;

63 893 224 978 Scipionis
247 891 422 959 Aemiliani
442 895 596 958 disertam
616 914 654 959 ac
678 895 868 981 diligentem
881 896 1083 960 mentionem

64 1033 85 1077 a
111 1011 238 1078 Lucilio
269 1016 390 1077 saetam
420 1033 484 1076 esse
513 1010 673 1097 negabis?
720 1011 791 1098 Ego
814 1027 928 1078 contra
950 1035 1082 1096 persua-

60 1131 228 1195 siaeimum
251 1128 333 1194 mihi
356 1129 481 1204 heheu,
509 1124 551 1193 de
574 1131 637 1193 hoc
657 1150 725 1193 non
745 1132 852 1194 minus
872 1135 940 1195 fuse
959 1131 1081 1196 studio-

60 1266 162 1332 seque
190 1267 297 1331 quam
323 1243 363 1309 de
392 1246 451 1310 illo
472 1247 632 1330 scripsisse
656 1268 745 1313 eum.
791 1246 915 1330 Quodsi
939 1250 1080 1333 sepiem

64 1365 119 1428 ille
140 1386 160 1428 a
183 1364 339 1428 Trebatio
360 1366 544 1447 appellatur
556 1364 592 1440 2,
611 1366 703 1448 cujus
720 1364 755 1427 in
779 1385 817 1428 eo
837 1365 981 1428 maxime
1002 1368 1077 1429 sue-

66 1495 118 1545 rat
148 1482 319 1565 perspicua
340 1477 514 1564 prudentia
533 1495 565 1544 et
588 1481 778 1558 consilium,
803 1484 892 1566 quod
909 1503 976 1544 non
997 1483 1083 1545 bella

61 1602 120 1662 sed
143 1598 280 1663 virtutes
302 1598 420 1682 prioris
443 1597 600 1681 Scipionis
619 1598 850 1680 descripsisset,
875 1611 999 1680 quanto
1012 1599 1082 1684 dig-

67 1718 142 1781 nior
176 1720 289 1782 sadcm
310 1718 526 1800 appellatione
546 1714 636 1780 idem
655 1719 833 1781 censendus
860 1728 924 1792 est,
950 1715 1007 1798 qui
1028 1738 1085 1778 ae·

65 1838 200 1920 qualem
230 1848 330 1918 atque
360 1835 507 1899 amicum
528 1848 626 1897 suum
647 1833 936 1916 plurimorumque
958 1833 1084 1897 benefi->

67 1954 196 2016 ciorum
220 1950 382 2016 memorii
403 1950 465 2013 sibi
485 1950 629 2013 maxime
650 1949 840 2014 devinctum
867 1951 979 2013 virum
998 1954 1084 2014 cele-

30 2149 34 2154 ,
68 2069 201 2134 brevit!
246 2069 339 2132 Fecit
371 2081 482 2132 eutem
513 2067 651 2150 jubente
678 2079 776 2151 atque
797 2068 987 2149 impellente
1011 2069 1085 2132 ani-

67 2208 127 2250 mo
158 2183 358 2270 gratissim03
385 2187 441 2248 sed
472 2197 511 2248 ut
528 2185 632 2270 magis
652 2188 692 2247 de
711 2185 869 2247 industria
893 2188 955 2249 hoc
976 2185 1081 2249 officio

69 2308 282 2388 iungeretur,
306 2303 386 2366 haec
404 2296 499 2364 cause
520 2303 549 2364 ei
577 2301 657 2375 fuit,
681 2303 770 2383 quod
789 2301 844 2365 illa
867 2304 984 2365 virtus
1008 2299 1083 2365 Set-

67 2418 197 2511 pindos
219 2439 284 2480 una
308 2417 454 2483 maxime
467 2431 537 2482 erat
556 2419 823 2492 accommodata,
847 2419 882 2480 in
895 2440 998 2501 quam
1010 2432 1082 2481 tan-

72 2558 174 2622 quam
203 2534 237 2598 in
268 2530 438 2615 speculum
459 2533 655 2614 inspicerent
672 2533 756 2596 eires
776 2533 837 2597 sui.
884 2533 999 2616 Itaque
1029 2544 1083 2595 eo*

67 2658 146 2719 dem
167 2650 332 2735 proposito
349 2649 519 2733 utriusque
532 2647 677 2714 Africani
696 2648 831 2712 virtutes
842 2649 992 2711 omnium
1007 2668 1084 2733 coge

71 2771 196 2837 uitione
216 2783 249 2831 et
269 2767 535 2831 admirationem
556 2785 634 2830 uero
646 2764 863 2828 aemulatione
876 2764 1092 2851 dignissimas,

66 2885 214 2956 ⁴versibus
241 2884 398 2966 exposuit.
428 2880 541 2966 Neque
575 2903 653 2946 vero
675 2882 707 2945 id
724 2902 793 2944 uuo
812 2895 924 2945 tenore
941 2892 998 2944 aut
1022 2881 1089 2946 sin«

71 3009 180 3098 pulcri
204 3005 380 3071 satirarum
398 2994 486 3064 libro
496 2999 636 3063 instituit
654 3013 753 3084 atque
766 2991 907 3062 absolvit
917 2997 944 3073 ³,
958 3012 1091 3074 verum,

74 3143 110 3198 ut
146 3124 273 3190 ferebat
299 3122 446 3194 animus,
471 3115 630 3181 suadebat
657 3118 764 3192 locus,
791 3114 931 3201 urgebat
954 3117 1088 3178 necessi·

66 3258 131 3322 tus,
151 3261 266 3310 earum
282 3236 424 3303 subinde
434 3233 631 3298 memoriam
645 3232 859 3308 instauravit,
883 3231 994 3319 prouti
1007 3251 1085 3298 sues

70 3513 74 3516 ·
106 3478 135 3554 i'
159 3496 271 3566 naga
291 3487 405 3554 xavr,
425 3491 470 3542 ar.
489 3487 605 3548 xxix,
629 3484 669 3536 »a
690 3484 736 3536 cr.
758 3500 817 3549 sap.
838 3502 865 3550 p.
887 3481 946 3536 ass.

106 3589 336 3660 2·Sup.p·'76.
365 3587 430 3640 stin
449 3581 873 3647 aausaEnniussapiaas
892 3576 1091 3635 dictusflor,

72 3693 130 3763 ἢ),Ι
146 3690 190 3753 11.
211 3708 237 3751 r,
255 3687 301 3738 5ο.
385 3750 388 3755 ¹
599 3736 602 3740 .

106 3783 125 3836 5
159 3789 209 3836 Le
223 3802 262 3835 rs
275 3783 315 3833 cli
335 3780 392 3830 sine
410 3793 488 3829 cansa
506 3774 638 3842 paravit,
660 3751 714 3823 uno
731 3771 875 3822 satirarum
892 3769 967 3824 libro
978 3767 1030 3821 hon
1041 3785 1093 3821 ar-

75 3889 234 3954 gumentum
255 3874 480 3944 comprehensum
497 3872 602 3934 fuisse,
622 3871 670 3938 qui
688 3868 837 3934 Scipio
854 3867 1004 3932 inscriptus
1021 3873 1093 3918 esset

76 3980 215 4051 (zeittes.
235 3977 266 4046 s.
296 3974 361 4027 Ali.
380 3972 446 4041 1837
465 3988 493 4038 p.
514 3968 606 4038 1047).
634 3966 688 4018 cff.
708 3968 743 4018 >V
748 3963 908 4032 argesl.
921 3961 945 4019 1.
962 3965 1090 4020 Delas„

74 4073 263 4138 zer1.1.p.
285 4086 326 4123 ιι.
