<?xml version="1.0" encoding="UTF-8"?>
<!DOCTYPE html PUBLIC "-//W3C//DTD XHTML 1.0 Transitional//EN"
    "http://www.w3.org/TR/xhtml1/DTD/xhtml1-transitional.dtd">
<html xmlns="http://www.w3.org/1999/xhtml" xml:lang="en" lang="en">
 <head>
  <title>
</title>
<meta http-equiv="Content-Type" content="text/html;charset=utf-8" />
  <meta name='ocr-system' content='tesseract 3.04.00' />
  <meta name='ocr-capabilities' content='ocr_page ocr_carea ocr_par ocr_line ocrx_word'/>
</head>
<body>
  <div class='ocr_page' id='page_1' title='image "./studiacriticain00heusgoog_0151.png"; bbox 0 0 2580 4756; ppageno 0'>
   <div class='ocr_carea' id='block_1_1' title="bbox 680 397 743 458">
    <p class='ocr_par' dir='ltr' id='par_1_1' title="bbox 680 397 743 458">
     <span class='ocr_line' id='line_1_1' title="bbox 680 397 743 458; baseline 0 0"><span class='ocrx_word' id='word_1_1' title='bbox 680 397 743 458; x_wconf 78' lang='lat'>140</span> 
     </span>
    </p>
   </div>
   <div class='ocr_carea' id='block_1_2' title="bbox 214 574 1222 896">
    <p class='ocr_par' dir='ltr' id='par_1_2' title="bbox 214 574 1222 896">
     <span class='ocr_line' id='line_1_2' title="bbox 216 574 1222 658; baseline -0.004 -16"><span class='ocrx_word' id='word_1_2' title='bbox 216 582 325 643; x_wconf 88' lang='lat' dir='ltr'>locum</span> <span class='ocrx_word' id='word_1_3' title='bbox 338 575 480 642; x_wconf 74' lang='lat' dir='ltr'>obtinuit</span> <span class='ocrx_word' id='word_1_4' title='bbox 494 575 518 639; x_wconf 87' lang='lat'>¹.</span> <span class='ocrx_word' id='word_1_5' title='bbox 543 574 603 637; x_wconf 93' lang='lat' dir='ltr'>Illa</span> <span class='ocrx_word' id='word_1_6' title='bbox 627 595 703 639; x_wconf 84' lang='lat' dir='ltr'>vero</span> <span class='ocrx_word' id='word_1_7' title='bbox 725 595 790 658; x_wconf 91' lang='lat' dir='ltr'>qua</span> <span class='ocrx_word' id='word_1_8' title='bbox 808 575 934 637; x_wconf 81' lang='lat' dir='ltr'>melior</span> <span class='ocrx_word' id='word_1_9' title='bbox 946 576 1005 636; x_wconf 78' lang='lat' dir='ltr'>vit·</span> <span class='ocrx_word' id='word_1_10' title='bbox 1016 574 1126 652; x_wconf 83' lang='lat' dir='ltr'>adest,</span> <span class='ocrx_word' id='word_1_11' title='bbox 1140 596 1222 658; x_wconf 87' lang='lat' dir='ltr'>quae</span> 
     </span>
     <span class='ocr_line' id='line_1_3' title="bbox 214 690 1220 780; baseline -0.002 -22"><span class='ocrx_word' id='word_1_12' title='bbox 214 718 388 780; x_wconf 85' lang='lat' dir='ltr'><strong>perperam</strong></span> <span class='ocrx_word' id='word_1_13' title='bbox 412 697 453 759; x_wconf 91' lang='lat' dir='ltr'>ad</span> <span class='ocrx_word' id='word_1_14' title='bbox 474 693 633 760; x_wconf 86' lang='lat' dir='ltr'>Catonem</span> <span class='ocrx_word' id='word_1_15' title='bbox 657 692 772 756; x_wconf 85' lang='lat' dir='ltr'>referri</span> <span class='ocrx_word' id='word_1_16' title='bbox 793 690 917 767; x_wconf 91' lang='lat' dir='ltr'>miror,</span> <span class='ocrx_word' id='word_1_17' title='bbox 942 691 1109 756; x_wconf 78' lang='lat' dir='ltr'><strong>Lucilium</strong></span> <span class='ocrx_word' id='word_1_18' title='bbox 1132 714 1220 776; x_wconf 87' lang='lat' dir='ltr'>spec·</span> 
     </span>
     <span class='ocr_line' id='line_1_4' title="bbox 214 808 1220 896; baseline -0.006 -17"><span class='ocrx_word' id='word_1_19' title='bbox 214 828 307 889; x_wconf 89' lang='lat' dir='ltr'>tant,</span> <span class='ocrx_word' id='word_1_20' title='bbox 332 827 369 877; x_wconf 91' lang='lat' dir='ltr'>ut</span> <span class='ocrx_word' id='word_1_21' title='bbox 388 834 428 876; x_wconf 84' lang='lat' dir='ltr'>ex</span> <span class='ocrx_word' id='word_1_22' title='bbox 441 812 549 895; x_wconf 88' lang='lat' dir='ltr'>prima</span> <span class='ocrx_word' id='word_1_23' title='bbox 559 810 691 875; x_wconf 88' lang='lat' dir='ltr'>secundi</span> <span class='ocrx_word' id='word_1_24' title='bbox 702 808 778 874; x_wconf 87' lang='lat' dir='ltr'>libri</span> <span class='ocrx_word' id='word_1_25' title='bbox 790 809 887 874; x_wconf 88' lang='lat' dir='ltr'>satira</span> <span class='ocrx_word' id='word_1_26' title='bbox 899 810 1145 896; x_wconf 75' lang='lat' dir='ltr'>cognoscimus,</span> <span class='ocrx_word' id='word_1_27' title='bbox 1166 810 1220 874; x_wconf 91' lang='lat' dir='ltr'>ubi</span> 
     </span>
    </p>
   </div>
   <div class='ocr_carea' id='block_1_3' title="bbox 212 927 1219 1018">
    <p class='ocr_par' dir='ltr' id='par_1_3' title="bbox 212 927 1219 1018">
     <span class='ocr_line' id='line_1_5' title="bbox 212 927 1219 1018; baseline -0.002 -21"><span class='ocrx_word' id='word_1_28' title='bbox 212 932 331 1018; x_wconf 71' lang='lat' dir='ltr'>legitur</span> <span class='ocrx_word' id='word_1_29' title='bbox 349 942 509 996; x_wconf 78' lang='lat' dir='ltr'>uestrum</span> <span class='ocrx_word' id='word_1_30' title='bbox 530 931 690 995; x_wconf 80' lang='lat' dir='ltr'>melioris</span> <span class='ocrx_word' id='word_1_31' title='bbox 713 928 895 1017; x_wconf 61' lang='lat' dir='ltr'>etroqeeff.</span> <span class='ocrx_word' id='word_1_32' title='bbox 933 927 1108 1006; x_wconf 86' lang='lat' dir='ltr'>Ceterum,</span> <span class='ocrx_word' id='word_1_33' title='bbox 1139 951 1219 1015; x_wconf 87' lang='lat' dir='ltr'>quae</span> 
     </span>
    </p>
   </div>
   <div class='ocr_carea' id='block_1_4' title="bbox 202 1046 1221 3518">
    <p class='ocr_par' dir='ltr' id='par_1_4' title="bbox 202 1046 1221 3518">
     <span class='ocr_line' id='line_1_6' title="bbox 213 1046 1221 1135; baseline 0 -22"><span class='ocrx_word' id='word_1_34' title='bbox 213 1049 267 1115; x_wconf 88' lang='lat' dir='ltr'>hic</span> <span class='ocrx_word' id='word_1_35' title='bbox 285 1050 414 1135; x_wconf 86' lang='lat' dir='ltr'>attigit,</span> <span class='ocrx_word' id='word_1_36' title='bbox 438 1049 574 1133; x_wconf 76' lang='lat' dir='ltr'>epistola</span> <span class='ocrx_word' id='word_1_37' title='bbox 595 1046 711 1112; x_wconf 87' lang='lat' dir='ltr'>deinde</span> <span class='ocrx_word' id='word_1_38' title='bbox 744 1047 895 1114; x_wconf 89' lang='lat' dir='ltr'>Horatius</span> <span class='ocrx_word' id='word_1_39' title='bbox 918 1047 1014 1112; x_wconf 89' lang='lat' dir='ltr'>latius</span> <span class='ocrx_word' id='word_1_40' title='bbox 1033 1063 1221 1132; x_wconf 85' lang='lat' dir='ltr'>persecutus</span> 
     </span>
     <span class='ocr_line' id='line_1_7' title="bbox 213 1166 1220 1252; baseline 0 -18"><span class='ocrx_word' id='word_1_41' title='bbox 213 1183 283 1247; x_wconf 86' lang='lat' dir='ltr'>ost,</span> <span class='ocrx_word' id='word_1_42' title='bbox 311 1168 369 1233; x_wconf 92' lang='lat' dir='ltr'>ubi</span> <span class='ocrx_word' id='word_1_43' title='bbox 402 1170 516 1233; x_wconf 85' lang='lat' dir='ltr'>eadam</span> <span class='ocrx_word' id='word_1_44' title='bbox 547 1166 660 1252; x_wconf 88' lang='lat' dir='ltr'>judicii</span> <span class='ocrx_word' id='word_1_45' title='bbox 688 1167 822 1232; x_wconf 87' lang='lat' dir='ltr'>sanitate</span> <span class='ocrx_word' id='word_1_46' title='bbox 858 1168 898 1231; x_wconf 93' lang='lat' dir='ltr'>de</span> <span class='ocrx_word' id='word_1_47' title='bbox 925 1169 1076 1233; x_wconf 87' lang='lat' dir='ltr'>tmiversa</span> <span class='ocrx_word' id='word_1_48' title='bbox 1094 1173 1220 1252; x_wconf 71' lang='lat' dir='ltr'>poeseos</span> 
     </span>
     <span class='ocr_line' id='line_1_8' title="bbox 210 1285 1219 1374; baseline -0.001 -21"><span class='ocrx_word' id='word_1_49' title='bbox 210 1289 362 1374; x_wconf 87' lang='lat' dir='ltr'>antiquae</span> <span class='ocrx_word' id='word_1_50' title='bbox 381 1287 549 1353; x_wconf 84' lang='lat' dir='ltr'>Romanae</span> <span class='ocrx_word' id='word_1_51' title='bbox 564 1285 688 1350; x_wconf 89' lang='lat' dir='ltr'>ratione</span> <span class='ocrx_word' id='word_1_52' title='bbox 712 1286 951 1352; x_wconf 78' lang='lat' dir='ltr'>existimantem</span> <span class='ocrx_word' id='word_1_53' title='bbox 974 1288 1130 1354; x_wconf 85' lang='lat' dir='ltr'>invenias.</span> <span class='ocrx_word' id='word_1_54' title='bbox 1175 1293 1219 1354; x_wconf 82' lang='lat' dir='ltr'>Aa</span> 
     </span>
     <span class='ocr_line' id='line_1_9' title="bbox 210 1404 1217 1491; baseline -0.001 -20"><span class='ocrx_word' id='word_1_55' title='bbox 210 1429 251 1472; x_wconf 86' lang='lat' dir='ltr'>nc</span> <span class='ocrx_word' id='word_1_56' title='bbox 269 1421 342 1471; x_wconf 90' lang='lat' dir='ltr'>tum</span> <span class='ocrx_word' id='word_1_57' title='bbox 354 1406 511 1491; x_wconf 88' lang='lat' dir='ltr'>quidem,</span> <span class='ocrx_word' id='word_1_58' title='bbox 534 1404 683 1491; x_wconf 86' lang='lat' dir='ltr'>quamvis</span> <span class='ocrx_word' id='word_1_59' title='bbox 708 1404 892 1470; x_wconf 83' lang='lat' dir='ltr'>universam</span> <span class='ocrx_word' id='word_1_60' title='bbox 910 1406 1217 1471; x_wconf 85' lang='lat' dir='ltr'>seniorumturbam</span> 
     </span>
     <span class='ocr_line' id='line_1_10' title="bbox 209 1522 1217 1610; baseline 0 -21"><span class='ocrx_word' id='word_1_61' title='bbox 209 1527 313 1589; x_wconf 87' lang='lat' dir='ltr'>menti</span> <span class='ocrx_word' id='word_1_62' title='bbox 336 1523 536 1609; x_wconf 78' lang='lat' dir='ltr'>propositam</span> <span class='ocrx_word' id='word_1_63' title='bbox 551 1522 704 1600; x_wconf 86' lang='lat' dir='ltr'>haberet,</span> <span class='ocrx_word' id='word_1_64' title='bbox 729 1522 844 1587; x_wconf 87' lang='lat' dir='ltr'>Lucilii</span> <span class='ocrx_word' id='word_1_65' title='bbox 857 1524 1090 1589; x_wconf 87' lang='lat' dir='ltr'>immemorem</span> <span class='ocrx_word' id='word_1_66' title='bbox 1103 1547 1136 1590; x_wconf 91' lang='lat' dir='ltr'>se</span> <span class='ocrx_word' id='word_1_67' title='bbox 1148 1547 1217 1610; x_wconf 86' lang='lat' dir='ltr'>pro-</span> 
     </span>
     <span class='ocr_line' id='line_1_11' title="bbox 210 1640 1139 1730; baseline -0.002 -21"><span class='ocrx_word' id='word_1_68' title='bbox 210 1643 318 1709; x_wconf 88' lang='lat' dir='ltr'>bavit:</span> <span class='ocrx_word' id='word_1_69' title='bbox 337 1664 438 1730; x_wconf 90' lang='lat' dir='ltr'>quem</span> <span class='ocrx_word' id='word_1_70' title='bbox 460 1643 516 1706; x_wconf 84' lang='lat' dir='ltr'>illa</span> <span class='ocrx_word' id='word_1_71' title='bbox 537 1640 671 1726; x_wconf 83' lang='lat' dir='ltr'>proprie</span> <span class='ocrx_word' id='word_1_72' title='bbox 691 1656 835 1726; x_wconf 89' lang='lat' dir='ltr'>spectare</span> <span class='ocrx_word' id='word_1_73' title='bbox 859 1645 1018 1708; x_wconf 86' lang='lat' dir='ltr'>censenda</span> <span class='ocrx_word' id='word_1_74' title='bbox 1040 1658 1139 1709; x_wconf 90' lang='lat' dir='ltr'>sunt:</span> 
     </span>
     <span class='ocr_line' id='line_1_12' title="bbox 252 1759 1072 1849; baseline -0.004 -21"><span class='ocrx_word' id='word_1_75' title='bbox 252 1760 294 1828; x_wconf 81' lang='lat' dir='ltr'>Se‘</span> <span class='ocrx_word' id='word_1_76' title='bbox 315 1775 441 1827; x_wconf 79' lang='lat' dir='ltr'>ueteres</span> <span class='ocrx_word' id='word_1_77' title='bbox 461 1764 518 1827; x_wconf 81' lang='lat' dir='ltr'>ita</span> <span class='ocrx_word' id='word_1_78' title='bbox 540 1764 700 1826; x_wconf 79' lang='lat' dir='ltr'>miratur</span> <span class='ocrx_word' id='word_1_79' title='bbox 725 1759 914 1848; x_wconf 79' lang='lat' dir='ltr'>laudatque</span> <span class='ocrx_word' id='word_1_80' title='bbox 935 1764 1072 1849; x_wconf 68' lang='lat' dir='ltr'>poetae,</span> 
     </span>
     <span class='ocr_line' id='line_1_13' title="bbox 254 1878 1216 1968; baseline 0 -22"><span class='ocrx_word' id='word_1_81' title='bbox 254 1880 302 1946; x_wconf 86' lang='lat' dir='ltr'>Ut</span> <span class='ocrx_word' id='word_1_82' title='bbox 321 1882 423 1947; x_wconf 70' lang='lat' dir='ltr'>uitet</span> <span class='ocrx_word' id='word_1_83' title='bbox 442 1880 642 1968; x_wconf 78' lang='lat' dir='ltr'>anteferat,</span> <span class='ocrx_word' id='word_1_84' title='bbox 665 1880 764 1946; x_wconf 66' lang='lat' dir='ltr'>altit</span> <span class='ocrx_word' id='word_1_85' title='bbox 787 1882 871 1946; x_wconf 73' lang='lat' dir='ltr'>iltis</span> <span class='ocrx_word' id='word_1_86' title='bbox 889 1893 1064 1968; x_wconf 80' lang='lat' dir='ltr'>comparet</span> <span class='ocrx_word' id='word_1_87' title='bbox 1078 1927 1087 1958; x_wconf 98' lang='lat'>,</span> <span class='ocrx_word' id='word_1_88' title='bbox 1101 1878 1216 1946; x_wconf 66' lang='lat' dir='ltr'>errati</span> 
     </span>
     <span class='ocr_line' id='line_1_14' title="bbox 251 1998 1179 2087; baseline 0 -21"><span class='ocrx_word' id='word_1_89' title='bbox 251 1998 293 2066; x_wconf 77' lang='lat' dir='ltr'>Si</span> <span class='ocrx_word' id='word_1_90' title='bbox 308 2000 477 2087; x_wconf 82' lang='lat' dir='ltr'>quaedam</span> <span class='ocrx_word' id='word_1_91' title='bbox 495 2003 607 2066; x_wconf 78' lang='lat' dir='ltr'>nimie</span> <span class='ocrx_word' id='word_1_92' title='bbox 627 2003 790 2087; x_wconf 81' lang='lat' dir='ltr'>antique,</span> <span class='ocrx_word' id='word_1_93' title='bbox 814 2003 849 2064; x_wconf 77' lang='lat' dir='ltr'>si</span> <span class='ocrx_word' id='word_1_94' title='bbox 866 2001 1035 2087; x_wconf 79' lang='lat' dir='ltr'>pleraque</span> <span class='ocrx_word' id='word_1_95' title='bbox 1057 1999 1083 2064; x_wconf 87' lang='lat' dir='ltr'><em>d</em></span> <span class='ocrx_word' id='word_1_96' title='bbox 1093 2025 1119 2066; x_wconf 86' lang='lat' dir='ltr'>u</span> <span class='ocrx_word' id='word_1_97' title='bbox 1130 2024 1179 2066; x_wconf 83' lang='lat' dir='ltr'>re</span> 
     </span>
     <span class='ocr_line' id='line_1_15' title="bbox 253 2119 1100 2208; baseline 0.001 -25"><span class='ocrx_word' id='word_1_98' title='bbox 253 2120 384 2184; x_wconf 84' lang='lat' dir='ltr'>Dicere</span> <span class='ocrx_word' id='word_1_99' title='bbox 405 2119 495 2184; x_wconf 81' lang='lat' dir='ltr'>aedit</span> <span class='ocrx_word' id='word_1_100' title='bbox 520 2141 592 2196; x_wconf 79' lang='lat' dir='ltr'>eos,</span> <span class='ocrx_word' id='word_1_101' title='bbox 616 2122 782 2208; x_wconf 79' lang='lat' dir='ltr'>ignave</span> <span class='ocrx_word' id='word_1_102' title='bbox 804 2121 918 2185; x_wconf 85' lang='lat' dir='ltr'>multa</span> <span class='ocrx_word' id='word_1_103' title='bbox 933 2119 1100 2207; x_wconf 81' lang='lat' dir='ltr'>fatetur,</span> 
     </span>
     <span class='ocr_line' id='line_1_16' title="bbox 253 2236 1196 2327; baseline 0.005 -27"><span class='ocrx_word' id='word_1_104' title='bbox 253 2236 304 2300; x_wconf 85' lang='lat' dir='ltr'>Et</span> <span class='ocrx_word' id='word_1_105' title='bbox 325 2239 423 2323; x_wconf 75' lang='lat' dir='ltr'>sapit</span> <span class='ocrx_word' id='word_1_106' title='bbox 445 2247 477 2302; x_wconf 85' lang='lat' dir='ltr'>et</span> <span class='ocrx_word' id='word_1_107' title='bbox 500 2244 629 2301; x_wconf 85' lang='lat' dir='ltr'>meeum</span> <span class='ocrx_word' id='word_1_108' title='bbox 642 2236 741 2324; x_wconf 81' lang='lat' dir='ltr'>facit</span> <span class='ocrx_word' id='word_1_109' title='bbox 766 2251 796 2302; x_wconf 89' lang='lat' dir='ltr'>et</span> <span class='ocrx_word' id='word_1_110' title='bbox 818 2237 899 2303; x_wconf 83' lang='lat' dir='ltr'>Jove</span> <span class='ocrx_word' id='word_1_111' title='bbox 908 2238 1057 2325; x_wconf 82' lang='lat' dir='ltr'>judicat</span> <span class='ocrx_word' id='word_1_112' title='bbox 1081 2263 1196 2327; x_wconf 85' lang='lat' dir='ltr'>aequa.</span> 
     </span>
     <span class='ocr_line' id='line_1_17' title="bbox 654 2355 1177 2424; baseline 0.01 -6"><span class='ocrx_word' id='word_1_113' title='bbox 654 2392 699 2405; x_wconf 92' lang='lat'><em>-</em></span> <span class='ocrx_word' id='word_1_114' title='bbox 720 2355 779 2420; x_wconf 75' lang='lat' dir='ltr'>sed</span> <span class='ocrx_word' id='word_1_115' title='bbox 801 2357 1039 2423; x_wconf 72' lang='lat' dir='ltr'>emendata</span> <span class='ocrx_word' id='word_1_116' title='bbox 1061 2357 1177 2424; x_wconf 81' lang='lat' dir='ltr'>uideri</span> 
     </span>
     <span class='ocr_line' id='line_1_18' title="bbox 251 2470 1214 2561; baseline 0.003 -22"><span class='ocrx_word' id='word_1_117' title='bbox 251 2473 524 2561; x_wconf 74' lang='lat' dir='ltr'>Pulchraque</span> <span class='ocrx_word' id='word_1_118' title='bbox 546 2485 579 2539; x_wconf 86' lang='lat' dir='ltr'>et</span> <span class='ocrx_word' id='word_1_119' title='bbox 603 2477 765 2539; x_wconf 82' lang='lat' dir='ltr'>eeaete&#39;e</span> <span class='ocrx_word' id='word_1_120' title='bbox 789 2479 961 2542; x_wconf 79' lang='lat' dir='ltr'>minime</span> <span class='ocrx_word' id='word_1_121' title='bbox 980 2470 1214 2555; x_wconf 64' lang='lat' dir='ltr'>distantia,</span> 
     </span>
     <span class='ocr_line' id='line_1_19' title="bbox 1021 2597 1176 2663; baseline 0.006 -2"><span class='ocrx_word' id='word_1_122' title='bbox 1021 2597 1176 2663; x_wconf 62' lang='lat' dir='ltr'>testreet</span> 
     </span>
     <span class='ocr_line' id='line_1_20' title="bbox 205 2712 1218 2802; baseline 0 -23"><span class='ocrx_word' id='word_1_123' title='bbox 205 2712 315 2779; x_wconf 89' lang='lat' dir='ltr'>Solam</span> <span class='ocrx_word' id='word_1_124' title='bbox 332 2712 513 2778; x_wconf 79' lang='lat' dir='ltr'>verborum</span> <span class='ocrx_word' id='word_1_125' title='bbox 535 2714 789 2798; x_wconf 80' lang='lat' dir='ltr'>antiquitatem</span> <span class='ocrx_word' id='word_1_126' title='bbox 813 2713 847 2776; x_wconf 90' lang='lat' dir='ltr'>in</span> <span class='ocrx_word' id='word_1_127' title='bbox 870 2712 997 2780; x_wconf 87' lang='lat' dir='ltr'>Lucilio</span> <span class='ocrx_word' id='word_1_128' title='bbox 1019 2735 1087 2779; x_wconf 92' lang='lat' dir='ltr'>non</span> <span class='ocrx_word' id='word_1_129' title='bbox 1103 2716 1218 2802; x_wconf 76' lang='lat' dir='ltr'>tetige-</span> 
     </span>
     <span class='ocr_line' id='line_1_21' title="bbox 205 2831 1218 2920; baseline 0.003 -24"><span class='ocrx_word' id='word_1_130' title='bbox 205 2846 280 2908; x_wconf 89' lang='lat' dir='ltr'>rat,</span> <span class='ocrx_word' id='word_1_131' title='bbox 300 2831 471 2895; x_wconf 77' lang='lat' dir='ltr'>duritiem</span> <span class='ocrx_word' id='word_1_132' title='bbox 491 2845 523 2895; x_wconf 87' lang='lat' dir='ltr'>et</span> <span class='ocrx_word' id='word_1_133' title='bbox 541 2834 758 2920; x_wconf 79' lang='lat' dir='ltr'>pigritiam,</span> <span class='ocrx_word' id='word_1_134' title='bbox 774 2833 879 2915; x_wconf 88' lang='lat' dir='ltr'>pulcri</span> <span class='ocrx_word' id='word_1_135' title='bbox 892 2833 1084 2920; x_wconf 87' lang='lat' dir='ltr'>venustique</span> <span class='ocrx_word' id='word_1_136' title='bbox 1096 2844 1131 2899; x_wconf 90' lang='lat' dir='ltr'>et</span> <span class='ocrx_word' id='word_1_137' title='bbox 1143 2856 1218 2919; x_wconf 88' lang='lat' dir='ltr'>per-</span> 
     </span>
     <span class='ocr_line' id='line_1_22' title="bbox 204 2950 1217 3037; baseline 0.004 -21"><span class='ocrx_word' id='word_1_138' title='bbox 204 2951 279 3016; x_wconf 86' lang='lat' dir='ltr'>fecti</span> <span class='ocrx_word' id='word_1_139' title='bbox 299 2950 446 3034; x_wconf 89' lang='lat' dir='ltr'>inopiam</span> <span class='ocrx_word' id='word_1_140' title='bbox 466 2953 608 3036; x_wconf 76' lang='lat' dir='ltr'>culpasse</span> <span class='ocrx_word' id='word_1_141' title='bbox 631 2965 800 3016; x_wconf 88' lang='lat' dir='ltr'>contentus</span> <span class='ocrx_word' id='word_1_142' title='bbox 813 2950 840 3018; x_wconf 76' lang='grc'>4.</span> <span class='ocrx_word' id='word_1_143' title='bbox 887 2953 1001 3037; x_wconf 84' lang='lat' dir='ltr'>ltaque</span> <span class='ocrx_word' id='word_1_144' title='bbox 1015 2953 1217 3020; x_wconf 88' lang='lat' dir='ltr'>hunoCato·</span> 
     </span>
     <span class='ocr_line' id='line_1_23' title="bbox 203 3069 1216 3157; baseline 0.005 -24"><span class='ocrx_word' id='word_1_145' title='bbox 203 3090 304 3145; x_wconf 87' lang='lat' dir='ltr'>nem,</span> <span class='ocrx_word' id='word_1_146' title='bbox 339 3069 397 3155; x_wconf 90' lang='lat' dir='ltr'>qui</span> <span class='ocrx_word' id='word_1_147' title='bbox 427 3072 511 3133; x_wconf 91' lang='lat' dir='ltr'>solus</span> <span class='ocrx_word' id='word_1_148' title='bbox 541 3071 647 3156; x_wconf 78' lang='lat' dir='ltr'>legere</span> <span class='ocrx_word' id='word_1_149' title='bbox 676 3092 714 3134; x_wconf 90' lang='lat' dir='ltr'>ao</span> <span class='ocrx_word' id='word_1_150' title='bbox 741 3073 846 3135; x_wconf 83' lang='lat' dir='ltr'>facere</span> <span class='ocrx_word' id='word_1_151' title='bbox 880 3076 991 3155; x_wconf 78' lang='lat' dir='ltr'>poetas</span> <span class='ocrx_word' id='word_1_152' title='bbox 1026 3073 1131 3138; x_wconf 89' lang='lat' dir='ltr'>dictus</span> <span class='ocrx_word' id='word_1_153' title='bbox 1154 3087 1216 3157; x_wconf 89' lang='lat' dir='ltr'>est,</span> 
     </span>
     <span class='ocr_line' id='line_1_24' title="bbox 203 3187 1216 3258; baseline 0.002 -4"><span class='ocrx_word' id='word_1_154' title='bbox 203 3189 350 3254; x_wconf 79' lang='lat' dir='ltr'>videmus</span> <span class='ocrx_word' id='word_1_155' title='bbox 382 3211 399 3250; x_wconf 90' lang='lat' dir='ltr'>e</span> <span class='ocrx_word' id='word_1_156' title='bbox 423 3209 562 3252; x_wconf 89' lang='lat' dir='ltr'>numero</span> <span class='ocrx_word' id='word_1_157' title='bbox 582 3187 699 3252; x_wconf 91' lang='lat' dir='ltr'>Lucilii</span> <span class='ocrx_word' id='word_1_158' title='bbox 720 3190 958 3255; x_wconf 87' lang='lat' dir='ltr'>admiratorum</span> <span class='ocrx_word' id='word_1_159' title='bbox 980 3191 1087 3258; x_wconf 84' lang='lat' dir='ltr'>inisse.</span> <span class='ocrx_word' id='word_1_160' title='bbox 1123 3192 1216 3258; x_wconf 90' lang='lat' dir='ltr'>Nullo</span> 
     </span>
     <span class='ocr_line' id='line_1_25' title="bbox 203 3305 1216 3399; baseline 0.003 -27"><span class='ocrx_word' id='word_1_161' title='bbox 203 3321 315 3372; x_wconf 90' lang='lat' dir='ltr'>tamen</span> <span class='ocrx_word' id='word_1_162' title='bbox 332 3309 432 3371; x_wconf 89' lang='lat' dir='ltr'>modo</span> <span class='ocrx_word' id='word_1_163' title='bbox 447 3305 646 3384; x_wconf 87' lang='lat' dir='ltr'>insaniebat,</span> <span class='ocrx_word' id='word_1_164' title='bbox 669 3311 724 3372; x_wconf 88' lang='lat' dir='ltr'>sed</span> <span class='ocrx_word' id='word_1_165' title='bbox 744 3312 885 3392; x_wconf 86' lang='lat' dir='ltr'>prudens</span> <span class='ocrx_word' id='word_1_166' title='bbox 908 3329 941 3375; x_wconf 86' lang='lat' dir='ltr'>et</span> <span class='ocrx_word' id='word_1_167' title='bbox 963 3311 1146 3399; x_wconf 76' lang='lat' dir='ltr'>intelligens</span> <span class='ocrx_word' id='word_1_168' title='bbox 1162 3315 1216 3398; x_wconf 88' lang='lat' dir='ltr'>ju·</span> 
     </span>
     <span class='ocr_line' id='line_1_26' title="bbox 202 3428 1214 3518; baseline 0.005 -26"><span class='ocrx_word' id='word_1_169' title='bbox 202 3430 265 3492; x_wconf 79' lang='lat' dir='ltr'>dcx</span> <span class='ocrx_word' id='word_1_170' title='bbox 296 3428 384 3512; x_wconf 89' lang='lat' dir='ltr'>ejus,</span> <span class='ocrx_word' id='word_1_171' title='bbox 420 3448 520 3512; x_wconf 90' lang='lat' dir='ltr'>quem</span> <span class='ocrx_word' id='word_1_172' title='bbox 555 3429 728 3493; x_wconf 79' lang='lat' dir='ltr'>defendere</span> <span class='ocrx_word' id='word_1_173' title='bbox 756 3452 776 3493; x_wconf 93' lang='lat' dir='ltr'>a</span> <span class='ocrx_word' id='word_1_174' title='bbox 808 3428 1011 3495; x_wconf 83' lang='lat' dir='ltr'>novitiorum</span> <span class='ocrx_word' id='word_1_175' title='bbox 1032 3430 1162 3518; x_wconf 85' lang='lat' dir='ltr'>injuriis</span> <span class='ocrx_word' id='word_1_176' title='bbox 1184 3444 1214 3497; x_wconf 85' lang='lat' dir='ltr'>et</span> 
     </span>
    </p>
   </div>
   <div class='ocr_carea' id='block_1_5' title="bbox 203 3771 1211 4137">
    <p class='ocr_par' dir='ltr' id='par_1_5' title="bbox 240 3771 610 3842">
     <span class='ocr_line' id='line_1_27' title="bbox 240 3771 610 3842; baseline 0 -15"><span class='ocrx_word' id='word_1_177' title='bbox 240 3789 252 3827; x_wconf 88' lang='lat' dir='ltr'>t</span> <span class='ocrx_word' id='word_1_178' title='bbox 292 3771 610 3842; x_wconf 79' lang='lat' dir='ltr'>vs.59·Sup.p.104.</span> 
     </span>
    </p>

    <p class='ocr_par' dir='ltr' id='par_1_6' title="bbox 203 3870 1211 4037">
     <span class='ocr_line' id='line_1_28' title="bbox 236 3870 1211 3943; baseline 0.001 -17"><span class='ocrx_word' id='word_1_179' title='bbox 236 3892 252 3926; x_wconf 82' lang='lat'>2</span> <span class='ocrx_word' id='word_1_180' title='bbox 288 3888 325 3922; x_wconf 85' lang='lat' dir='ltr'>vs·</span> <span class='ocrx_word' id='word_1_181' title='bbox 346 3888 388 3939; x_wconf 79' lang='lat' dir='ltr'>aq·</span> <span class='ocrx_word' id='word_1_182' title='bbox 407 3870 476 3938; x_wconf 85' lang='lat' dir='ltr'>Sup.</span> <span class='ocrx_word' id='word_1_183' title='bbox 495 3890 522 3940; x_wconf 84' lang='lat' dir='ltr'>p.</span> <span class='ocrx_word' id='word_1_184' title='bbox 541 3875 585 3941; x_wconf 81' lang='lat'>69.</span> <span class='ocrx_word' id='word_1_185' title='bbox 604 3873 656 3925; x_wconf 81' lang='lat' dir='ltr'>cu.</span> <span class='ocrx_word' id='word_1_186' title='bbox 676 3874 830 3928; x_wconf 83' lang='lat' dir='ltr'>Jacobs</span> <span class='ocrx_word' id='word_1_187' title='bbox 852 3876 872 3927; x_wconf 88' lang='grc' dir='ltr'>Ι.</span> <span class='ocrx_word' id='word_1_188' title='bbox 892 3876 911 3930; x_wconf 88' lang='lat' dir='ltr'>I.</span> <span class='ocrx_word' id='word_1_189' title='bbox 931 3895 957 3943; x_wconf 80' lang='lat' dir='ltr'>p.</span> <span class='ocrx_word' id='word_1_190' title='bbox 977 3877 1036 3930; x_wconf 80' lang='lat'>235.</span> <span class='ocrx_word' id='word_1_191' title='bbox 1054 3881 1211 3930; x_wconf 77' lang='lat' dir='ltr'>Dtlntzer</span> 
     </span>
     <span class='ocr_line' id='line_1_29' title="bbox 203 3964 386 4037; baseline 0 -18"><span class='ocrx_word' id='word_1_192' title='bbox 203 3970 223 4020; x_wconf 88' lang='lat' dir='ltr'>l.</span> <span class='ocrx_word' id='word_1_193' title='bbox 242 3969 261 4024; x_wconf 84' lang='lat' dir='ltr'>l.</span> <span class='ocrx_word' id='word_1_194' title='bbox 279 3987 307 4035; x_wconf 86' lang='lat' dir='ltr'>p.</span> <span class='ocrx_word' id='word_1_195' title='bbox 326 3964 386 4037; x_wconf 78' lang='lat'><strong>249.</strong></span> 
     </span>
    </p>

    <p class='ocr_par' dir='ltr' id='par_1_7' title="bbox 238 4063 619 4137">
     <span class='ocr_line' id='line_1_30' title="bbox 238 4063 619 4137; baseline 0.005 -22"><span class='ocrx_word' id='word_1_196' title='bbox 238 4067 255 4114; x_wconf 75' lang='lat'><em>5</em></span> <span class='ocrx_word' id='word_1_197' title='bbox 289 4067 364 4135; x_wconf 81' lang='lat' dir='ltr'>Epp.</span> <span class='ocrx_word' id='word_1_198' title='bbox 384 4063 435 4129; x_wconf 86' lang='lat' dir='ltr'>il,</span> <span class='ocrx_word' id='word_1_199' title='bbox 458 4082 489 4128; x_wconf 91' lang='lat' dir='ltr'>t,</span> <span class='ocrx_word' id='word_1_200' title='bbox 508 4066 542 4120; x_wconf 77' lang='grc'>64</span> <span class='ocrx_word' id='word_1_201' title='bbox 560 4085 619 4137; x_wconf 61' lang='lat' dir='ltr'>sqq.</span> 
     </span>
    </p>
   </div>
   <div class='ocr_carea' id='block_1_6' title="bbox 238 4162 529 4233">
    <p class='ocr_par' dir='ltr' id='par_1_8' title="bbox 238 4162 529 4233">
     <span class='ocr_line' id='line_1_31' title="bbox 238 4162 529 4233; baseline 0.014 -4"><span class='ocrx_word' id='word_1_202' title='bbox 238 4163 253 4214; x_wconf 77' lang='grc'>4</span> <span class='ocrx_word' id='word_1_203' title='bbox 289 4162 356 4229; x_wconf 77' lang='lat' dir='ltr'>Sue·</span> <span class='ocrx_word' id='word_1_204' title='bbox 377 4180 404 4230; x_wconf 80' lang='lat' dir='ltr'>e·</span> <span class='ocrx_word' id='word_1_205' title='bbox 422 4181 529 4233; x_wconf 67' lang='lat'>97811‘1·</span> 
     </span>
    </p>
   </div>
   <div class='ocr_carea' id='block_1_7' title="bbox 0 0 1294 4756">
    <p class='ocr_par' dir='ltr' id='par_1_9' title="bbox 0 0 1294 4756">
     <span class='ocr_line' id='line_1_32' title="bbox 0 0 1294 4756; baseline 0 4"><span class='ocrx_word' id='word_1_206' title='bbox 0 0 1294 4756; x_wconf 95' lang='lat' dir='ltr'> </span> 
     </span>
    </p>
   </div>
  </div>
 </body>
</html>
