2580 4756
616 303 658 365 26

134 485 305 551 arbitratu·
326 501 386 555 suu
408 480 568 547 Liciniam
593 477 851 562 perferentium,
869 481 1149 545 immoderata·li-'
1197 484 1199 491 '

134 603 251 678 centia,
273 599 551 686 quiobliteratam
575 598 778 674 instaurare,
801 619 869 664 non
888 619 1010 663 novam
1034 618 1150 686 rogare

134 730 355 784 censerentur.

148 894 151 900 Α
181 836 295 903 Altera
323 835 491 900 difficultas
520 835 600 903 haec
630 848 687 898 est.
734 832 924 900 Mirandum
953 834 1069 912 enim,
1093 855 1151 899 eur

136 968 206 1028 tam
237 974 311 1019 sero
337 974 357 1018 a
387 952 535 1024 Duronio
568 954 621 1018 lex
651 951 746 1016 Didia
779 951 937 1038 abrogata
959 952 1021 1030 sit,
1046 974 1151 1037 quum

137 1092 192 1137 aex
203 1084 236 1136 et
261 1070 479 1157 quadraginta
499 1069 589 1159 annis
607 1081 684 1134 ante
695 1072 796 1136 latam
809 1091 873 1134 esse
887 1082 1023 1136 constet.
1051 1068 1149 1155 Quod

139 1202 178 1254 ut
200 1189 398 1272 explicetur,
422 1185 563 1271 Appiani
586 1190 697 1252 locum
718 1189 841 1252 referre
858 1191 976 1272 placet.
1022 1186 1054 1252 le
1077 1210 1152 1254 nar*

139 1319 192 1371 rat
210 1307 346 1391 antiqua
364 1309 435 1392 lege
448 1349 458 1383 ,
472 1307 606 1370 fortasse
628 1303 799 1383 Genusia,
821 1304 961 1370 vetitum
993 1305 1092 1371 fuisse
1109 1327 1150 1370 ne

138 1423 278 1508 pecunia
293 1423 328 1486 in
347 1443 481 1487 usuram
503 1435 623 1487 mutuo
648 1424 803 1499 daretur,
828 1421 1009 1508 eidemque
1024 1422 1062 1486 iu
1082 1425 1152 1488 foe-

136 1554 300 1607 neratores
319 1561 460 1624 poenam
477 1539 700 1606 constitutam.
722 1539 772 1607 Ea
791 1541 863 1627 lege
880 1539 1039 1605 oblivioni
1057 1549 1151 1606 man'·

136 1661 237 1737 tata,
269 1679 377 1743 quum
406 1658 620 1725 creditoribus
644 1679 756 1725 inuras
779 1657 1002 1746 flagitantibus
1022 1658 1153 1746 debite-

138 1798 208 1854 res,
221 1774 299 1863 legis
322 1775 514 1842 auctoritate
526 1775 592 1852 usi,
605 1787 786 1862 negarent,
810 1788 941 1860 praetor
954 1772 1077 1842 Asellio
1086 1775 1153 1841 dil-

140 1895 345 1970 ficultatem,
378 1915 461 1980 quae
490 1914 530 1958 ex
557 1914 672 1980 pugna
705 1896 814 1982 legem
846 1893 932 1958 inter
957 1906 992 1958 et
1024 1913 1153 1959 morem

139 2009 323 2086 obtinebat,
355 2013 398 2076 ad
430 2011 554 2094 judices
584 2011 699 2096 rejecit
708 2011 735 2076 1.
782 2009 981 2099 intelligitur
998 2009 1094 2076 facile
1116 2031 1155 2075 ex

140 2131 204 2195 hoe
223 2112 375 2213 exemplo
395 2129 468 2194 fieri
488 2129 707 2222 consuevisse,
718 2145 756 2195 ut
770 2133 843 2208 lex,
857 2151 941 2215 quae
954 2128 1156 2217 negligendi

140 2247 394 2334 magistratuum
410 2246 583 2330 Jaeuissct,
600 2247 708 2312 denuo
727 2247 965 2316 invalesceret.-
984 2245 1050 2315 seu
1062 2248 1151 2334 quod

140 2363 198 2430 hie
217 2367 257 2429 de
278 2367 349 2450 lege
374 2363 521 2430 foenebri
541 2376 764 2431 memoratum
790 2367 958 2444 videmus,
984 2379 1045 2444 ut,
1061 2379 1157 2450 post*

142 2505 243 2569 quam
256 2504 296 2548 ex
320 2503 380 2547 usu
397 2481 592 2559 recessisset,
616 2482 826 2550 induceretur
848 2505 982 2563 rursus,
1005 2485 1040 2549 id
1051 2486 1160 2572 multu

143 2602 267 2667 facilius
286 2601 322 2665 in
340 2601 467 2688 legibus
482 2601 671 2666 sumtuariis
693 2601 882 2667 usuvenire
903 2615 1044 2687 poterat.
1077 2602 1161 2667 Ete-

142 2721 216 2784 nim
254 2705 421 2797 censeres,
457 2719 514 2806 qui
548 2740 685 2786 morum
712 2719 917 2802 disciplinam
950 2719 1036 2786 tueri
1059 2733 1095 2784 et
1124 2739 1160 2784 a·

143 2837 382 2903 nimadvertere
405 2837 449 2910 in1
465 2837 636 2923 flagitiosa
656 2848 690 2901 et
699 2835 878 2902 luxuriosos
887 2836 971 2902 cives
983 2835 1159 2912 debebant

144 2956 253 3040 legem
295 2954 445 3019 nundum
485 2954 712 3039 antiquatum,
759 2954 786 3019 si
819 2975 947 3020 necesse
977 2955 1161 3030 ducerent,

141 3070 361 3147 adhibebant,
381 3069 507 3135 etiamsi
526 3072 731 3144 decessorum
750 3071 878 3137 incurii
898 3072 936 3136 in
957 3072 1163 3139 oblivionem

146 3188 286 3256 abiisset.
331 3187 400 3262 Lex
423 3188 535 3276 igitur·
551 3188 665 3266 Didia,
698 3201 849 3276 tempore
873 3211 1085 3266 evanescens,
1110 3188 1164 3255 vi·

147 3309 245 3374 detur
274 3329 296 3374 u
320 3306 510 3373 'camoribus
541 3305 589 3374 M.
612 3307 759 3380 Antania
780 3321 814 3374 et
838 3307 879 3376 1..
901 3307 1021 3376 Flacuo
1050 3311 1162 3383 denua

146 3425 184 3503 in
212 3428 409 3494 memoriam
432 3439 467 3493 et
495 3447 592 3493 usum
617 3439 769 3492 revocata
796 3447 883 3504 esse,
905 3447 1013 3513 quum
1031 3425 1166 3499 ,immo-

149 3546 252 3612 derati
271 3559 304 3612 et
313 3545 475 3632 illegitimi
492 3545 721 3615 conviviorum
742 3558 870 3610 sumtus
879 3543 1166 3633 necamioeosa·

186 3824 199 3886 i
236 3834 325 3904 App.
358 3817 402 3886 De
429 3833 501 3886 bello
528 3817 583 3886 civ.
611 3834 637 3897 1,
664 3832 708 3886 54.
725 3813 790 3885 Nou
806 3795 928 3886 narravit
945 3829 1077 3900 quidem,
1094 3848 1165 3901 quae

152 3930 283 3982 sententia
301 3947 314 3979 a
331 3928 470 3999 jndicibus
489 3929 541 3982 lata
560 3933 612 3994 sit,
642 3930 689 3982 sed
716 3936 793 3998 patet
814 3929 900 3992 inde,
930 3943 988 3982 rem
1016 3927 1084 3983 adeo
1112 3944 1153 3986 m.

152 4028 265 4097 cipitem
283 4025 407 4080 l’rastori
424 4027 507 4096 visam
520 4061 529 4094 ,
543 4033 572 4081 ut
587 4027 722 4097 judicium
739 4044 754 4080 a
772 4045 800 4082 ee
818 4043 942 4083 amovere
957 4024 1097 4081 malaeus.
