<?xml version="1.0" encoding="UTF-8"?>
<!DOCTYPE html PUBLIC "-//W3C//DTD XHTML 1.0 Transitional//EN"
    "http://www.w3.org/TR/xhtml1/DTD/xhtml1-transitional.dtd">
<html xmlns="http://www.w3.org/1999/xhtml" xml:lang="en" lang="en">
 <head>
  <title>
</title>
<meta http-equiv="Content-Type" content="text/html;charset=utf-8" />
  <meta name='ocr-system' content='tesseract 3.04.00' />
  <meta name='ocr-capabilities' content='ocr_page ocr_carea ocr_par ocr_line ocrx_word'/>
</head>
<body>
  <div class='ocr_page' id='page_1' title='image "./studiacriticain00heusgoog_0075.png"; bbox 0 0 2580 4756; ppageno 0'>
   <div class='ocr_carea' id='block_1_1' title="bbox 711 303 754 365">
    <p class='ocr_par' dir='ltr' id='par_1_1' title="bbox 711 303 754 365">
     <span class='ocr_line' id='line_1_1' title="bbox 711 303 754 365; baseline 0 0"><span class='ocrx_word' id='word_1_1' title='bbox 711 303 754 365; x_wconf 77' lang='lat'><strong>64</strong></span> 
     </span>
    </p>
   </div>
   <div class='ocr_carea' id='block_1_2' title="bbox 234 475 1227 565">
    <p class='ocr_par' dir='ltr' id='par_1_2' title="bbox 234 475 1227 565">
     <span class='ocr_line' id='line_1_2' title="bbox 234 475 1227 565; baseline -0.002 -22"><span class='ocrx_word' id='word_1_2' title='bbox 234 475 409 556; x_wconf 79' lang='lat' dir='ltr'><strong>ludimus,</strong></span> <span class='ocrx_word' id='word_1_3' title='bbox 443 479 566 543; x_wconf 84' lang='lat' dir='ltr'><strong>mirum</strong></span> <span class='ocrx_word' id='word_1_4' title='bbox 594 480 709 544; x_wconf 92' lang='lat' dir='ltr'><strong>accidit</strong></span> <span class='ocrx_word' id='word_1_5' title='bbox 730 479 884 565; x_wconf 76' lang='lat' dir='ltr'>singulari</span> <span class='ocrx_word' id='word_1_6' title='bbox 913 480 1021 564; x_wconf 88' lang='lat' dir='ltr'><strong>priora</strong></span> <span class='ocrx_word' id='word_1_7' title='bbox 1041 479 1132 563; x_wconf 91' lang='lat' dir='ltr'><strong>poni.</strong></span> <span class='ocrx_word' id='word_1_8' title='bbox 1166 475 1227 541; x_wconf 61' lang='lat' dir='ltr'><strong>Ne*</strong></span> 
     </span>
    </p>
   </div>
   <div class='ocr_carea' id='block_1_3' title="bbox 217 598 1264 3296">
    <p class='ocr_par' dir='ltr' id='par_1_3' title="bbox 217 598 1264 3296">
     <span class='ocr_line' id='line_1_3' title="bbox 233 598 1230 684; baseline 0.002 -27"><span class='ocrx_word' id='word_1_9' title='bbox 233 618 297 681; x_wconf 90' lang='lat' dir='ltr'><strong>que</strong></span> <span class='ocrx_word' id='word_1_10' title='bbox 321 608 432 660; x_wconf 87' lang='lat' dir='ltr'><strong>tamen</strong></span> <span class='ocrx_word' id='word_1_11' title='bbox 456 598 523 661; x_wconf 94' lang='lat' dir='ltr'><strong>ullo</strong></span> <span class='ocrx_word' id='word_1_12' title='bbox 540 599 638 661; x_wconf 89' lang='lat' dir='ltr'><strong>modo</strong></span> <span class='ocrx_word' id='word_1_13' title='bbox 659 598 692 662; x_wconf 94' lang='lat' dir='ltr'><strong>id</strong></span> <span class='ocrx_word' id='word_1_14' title='bbox 717 619 870 684; x_wconf 75' lang='lat' dir='ltr'>urgerem</span> <span class='ocrx_word' id='word_1_15' title='bbox 891 611 948 664; x_wconf 89' lang='lat' dir='ltr'><strong>aut</strong></span> <span class='ocrx_word' id='word_1_16' title='bbox 967 598 1103 667; x_wconf 87' lang='lat' dir='ltr'><strong>omnino</strong></span> <span class='ocrx_word' id='word_1_17' title='bbox 1124 609 1230 662; x_wconf 82' lang='lat' dir='ltr'><strong>atten-</strong></span> 
     </span>
     <span class='ocr_line' id='line_1_4' title="bbox 232 713 1231 801; baseline -0.001 -23"><span class='ocrx_word' id='word_1_18' title='bbox 232 714 370 791; x_wconf 87' lang='lat' dir='ltr'><strong>dissem,</strong></span> <span class='ocrx_word' id='word_1_19' title='bbox 400 713 459 779; x_wconf 91' lang='lat' dir='ltr'><strong>nisi</strong></span> <span class='ocrx_word' id='word_1_20' title='bbox 491 715 580 780; x_wconf 87' lang='lat' dir='ltr'><strong>aliud</strong></span> <span class='ocrx_word' id='word_1_21' title='bbox 599 717 780 792; x_wconf 78' lang='lat' dir='ltr'>accederet,</span> <span class='ocrx_word' id='word_1_22' title='bbox 805 735 872 800; x_wconf 91' lang='lat' dir='ltr'><strong>quo</strong></span> <span class='ocrx_word' id='word_1_23' title='bbox 892 715 1051 800; x_wconf 90' lang='lat' dir='ltr'><strong>suspicio,</strong></span> <span class='ocrx_word' id='word_1_24' title='bbox 1076 715 1170 801; x_wconf 88' lang='lat' dir='ltr'><strong>quasi</strong></span> <span class='ocrx_word' id='word_1_25' title='bbox 1191 714 1231 778; x_wconf 90' lang='lat' dir='ltr'><strong>ita</strong></span> 
     </span>
     <span class='ocr_line' id='line_1_5' title="bbox 231 833 1245 918; baseline 0 -22"><span class='ocrx_word' id='word_1_26' title='bbox 231 834 271 896; x_wconf 88' lang='lat' dir='ltr'><strong>de</strong></span> <span class='ocrx_word' id='word_1_27' title='bbox 300 853 333 896; x_wconf 90' lang='lat' dir='ltr'><strong>se</strong></span> <span class='ocrx_word' id='word_1_28' title='bbox 358 833 426 917; x_wconf 88' lang='lat' dir='ltr'><strong>ipso</strong></span> <span class='ocrx_word' id='word_1_29' title='bbox 458 833 599 898; x_wconf 78' lang='lat' dir='ltr'><strong>Lucilius</strong></span> <span class='ocrx_word' id='word_1_30' title='bbox 620 833 806 916; x_wconf 76' lang='lat' dir='ltr'><strong>scripserit,</strong></span> <span class='ocrx_word' id='word_1_31' title='bbox 839 834 925 898; x_wconf 88' lang='lat' dir='ltr'><strong>nasci</strong></span> <span class='ocrx_word' id='word_1_32' title='bbox 938 855 1027 918; x_wconf 86' lang='lat' dir='ltr'><strong>posse</strong></span> <span class='ocrx_word' id='word_1_33' title='bbox 1040 857 1042 860; x_wconf 90' lang='lat'>·</span> <span class='ocrx_word' id='word_1_34' title='bbox 1057 833 1245 899; x_wconf 61' lang='lat' dir='ltr'><strong>ridereturt·</strong></span> 
     </span>
     <span class='ocr_line' id='line_1_6' title="bbox 230 950 1228 1039; baseline -0.005 -20"><span class='ocrx_word' id='word_1_35' title='bbox 230 950 388 1019; x_wconf 84' lang='lat' dir='ltr'><strong>Varronis</strong></span> <span class='ocrx_word' id='word_1_36' title='bbox 414 952 502 1016; x_wconf 91' lang='lat' dir='ltr'><strong>enim</strong></span> <span class='ocrx_word' id='word_1_37' title='bbox 539 955 627 1018; x_wconf 89' lang='lat' dir='ltr'><strong>locus</strong></span> <span class='ocrx_word' id='word_1_38' title='bbox 658 952 712 1016; x_wconf 89' lang='lat' dir='ltr'><strong>hic</strong></span> <span class='ocrx_word' id='word_1_39' title='bbox 736 966 802 1016; x_wconf 92' lang='lat' dir='ltr'><strong>est:</strong></span> <span class='ocrx_word' id='word_1_40' title='bbox 826 952 973 1030; x_wconf 78' lang='lat' dir='ltr'><strong>Pilum,</strong></span> <span class='ocrx_word' id='word_1_41' title='bbox 1000 950 1092 1039; x_wconf 83' lang='lat' dir='ltr'><strong>quod</strong></span> <span class='ocrx_word' id='word_1_42' title='bbox 1117 975 1154 1017; x_wconf 84' lang='lat' dir='ltr'><strong>so</strong></span> <span class='ocrx_word' id='word_1_43' title='bbox 1169 950 1228 1034; x_wconf 80' lang='lat' dir='ltr'><strong>for·</strong></span> 
     </span>
     <span class='ocr_line' id='line_1_7' title="bbox 227 1055 1254 1159; baseline 0 -26"><span class='ocrx_word' id='word_1_44' title='bbox 227 1055 352 1156; x_wconf 80' lang='lat' dir='ltr'><strong>pisunt</strong></span> <span class='ocrx_word' id='word_1_45' title='bbox 357 1096 371 1152; x_wconf 83' lang='lat'><strong>,·</strong></span> <span class='ocrx_word' id='word_1_46' title='bbox 395 1094 417 1134; x_wconf 86' lang='lat' dir='ltr'><strong><em>a</em></strong></span> <span class='ocrx_word' id='word_1_47' title='bbox 440 1093 505 1158; x_wconf 79' lang='lat' dir='ltr'><strong>quo</strong></span> <span class='ocrx_word' id='word_1_48' title='bbox 528 1071 589 1135; x_wconf 78' lang='lat' dir='ltr'><strong>uhi</strong></span> <span class='ocrx_word' id='word_1_49' title='bbox 610 1069 651 1135; x_wconf 72' lang='lat' dir='ltr'><strong>td</strong></span> <span class='ocrx_word' id='word_1_50' title='bbox 662 1069 713 1156; x_wconf 82' lang='lat' dir='ltr'><strong>fit</strong></span> <span class='ocrx_word' id='word_1_51' title='bbox 735 1069 872 1136; x_wconf 81' lang='lat' dir='ltr'><strong>dicitur</strong></span> <span class='ocrx_word' id='word_1_52' title='bbox 888 1073 1100 1159; x_wconf 76' lang='lat' dir='ltr'><strong>pistricum.</strong></span> <span class='ocrx_word' id='word_1_53' title='bbox 1120 1105 1158 1122; x_wconf 91' lang='lat'><strong>··-</strong></span> <span class='ocrx_word' id='word_1_54' title='bbox 1170 1069 1254 1134; x_wconf 66' lang='lat' dir='ltr'><strong>Ire-¹</strong></span> 
     </span>
     <span class='ocr_line' id='line_1_8' title="bbox 231 1187 1229 1280; baseline -0.001 -27"><span class='ocrx_word' id='word_1_55' title='bbox 231 1188 271 1254; x_wconf 84' lang='lat' dir='ltr'><strong>ds</strong></span> <span class='ocrx_word' id='word_1_56' title='bbox 300 1202 381 1277; x_wconf 86' lang='lat' dir='ltr'><strong>post</strong></span> <span class='ocrx_word' id='word_1_57' title='bbox 402 1193 441 1254; x_wconf 83' lang='lat' dir='ltr'><strong>irs</strong></span> <span class='ocrx_word' id='word_1_58' title='bbox 463 1190 546 1255; x_wconf 78' lang='lat' dir='ltr'><strong>orde</strong></span> <span class='ocrx_word' id='word_1_59' title='bbox 565 1188 687 1255; x_wconf 78' lang='lat' dir='ltr'><strong>Lucili</strong></span> <span class='ocrx_word' id='word_1_60' title='bbox 707 1193 871 1277; x_wconf 78' lang='lat' dir='ltr'><strong>pistrino</strong></span> <span class='ocrx_word' id='word_1_61' title='bbox 891 1202 923 1254; x_wconf 80' lang='lat' dir='ltr'><strong>st</strong></span> <span class='ocrx_word' id='word_1_62' title='bbox 938 1193 1080 1280; x_wconf 74' lang='lat' dir='ltr'><strong>pistris·</strong></span> <span class='ocrx_word' id='word_1_63' title='bbox 1093 1190 1121 1256; x_wconf 80' lang='lat'><strong>¹.</strong></span> <span class='ocrx_word' id='word_1_64' title='bbox 1166 1187 1229 1254; x_wconf 88' lang='lat' dir='ltr'><strong>Ne·</strong></span> 
     </span>
     <span class='ocr_line' id='line_1_9' title="bbox 231 1306 1227 1393; baseline -0.002 -19"><span class='ocrx_word' id='word_1_65' title='bbox 231 1329 287 1374; x_wconf 91' lang='lat' dir='ltr'><strong>mo</strong></span> <span class='ocrx_word' id='word_1_66' title='bbox 315 1309 398 1386; x_wconf 88' lang='lat' dir='ltr'><strong>erit,</strong></span> <span class='ocrx_word' id='word_1_67' title='bbox 431 1330 530 1393; x_wconf 88' lang='lat' dir='ltr'><strong>quem</strong></span> <span class='ocrx_word' id='word_1_68' title='bbox 562 1310 621 1374; x_wconf 87' lang='lat' dir='ltr'><strong>ista</strong></span> <span class='ocrx_word' id='word_1_69' title='bbox 647 1309 824 1374; x_wconf 83' lang='lat' dir='ltr'><strong>similitudo</strong></span> <span class='ocrx_word' id='word_1_70' title='bbox 858 1331 925 1375; x_wconf 90' lang='lat' dir='ltr'><strong>non</strong></span> <span class='ocrx_word' id='word_1_71' title='bbox 954 1322 1097 1374; x_wconf 88' lang='lat' dir='ltr'><strong>moveat.</strong></span> <span class='ocrx_word' id='word_1_72' title='bbox 1149 1306 1227 1373; x_wconf 79' lang='lat' dir='ltr'><strong>Nori</strong></span> 
     </span>
     <span class='ocr_line' id='line_1_10' title="bbox 230 1426 1228 1514; baseline -0.002 -21"><span class='ocrx_word' id='word_1_73' title='bbox 230 1426 392 1514; x_wconf 76' lang='lat' dir='ltr'><strong>Scaligero</strong></span> <span class='ocrx_word' id='word_1_74' title='bbox 411 1430 450 1492; x_wconf 91' lang='lat' dir='ltr'><strong>de</strong></span> <span class='ocrx_word' id='word_1_75' title='bbox 470 1428 548 1493; x_wconf 83' lang='lat' dir='ltr'><strong>vitio</strong></span> <span class='ocrx_word' id='word_1_76' title='bbox 563 1440 749 1511; x_wconf 89' lang='lat' dir='ltr'><strong>suspectum</strong></span> <span class='ocrx_word' id='word_1_77' title='bbox 772 1430 879 1492; x_wconf 91' lang='lat' dir='ltr'><strong>locum</strong></span> <span class='ocrx_word' id='word_1_78' title='bbox 905 1428 1022 1505; x_wconf 85' lang='lat' dir='ltr'><strong>fuisse,</strong></span> <span class='ocrx_word' id='word_1_79' title='bbox 1047 1427 1100 1492; x_wconf 93' lang='lat' dir='ltr'><strong>cui</strong></span> <span class='ocrx_word' id='word_1_80' title='bbox 1118 1429 1228 1492; x_wconf 86' lang='lat' dir='ltr'><strong>mede·</strong></span> 
     </span>
     <span class='ocr_line' id='line_1_11' title="bbox 228 1545 1228 1634; baseline -0.002 -23"><span class='ocrx_word' id='word_1_81' title='bbox 228 1547 255 1611; x_wconf 91' lang='lat' dir='ltr'><strong>ri</strong></span> <span class='ocrx_word' id='word_1_82' title='bbox 277 1548 401 1612; x_wconf 82' lang='lat' dir='ltr'><strong>studuit</strong></span> <span class='ocrx_word' id='word_1_83' title='bbox 418 1547 607 1612; x_wconf 87' lang='lat' dir='ltr'><strong>scribendo:</strong></span> <span class='ocrx_word' id='word_1_84' title='bbox 632 1546 716 1611; x_wconf 73' lang='lat' dir='ltr'><strong>Iride</strong></span> <span class='ocrx_word' id='word_1_85' title='bbox 727 1549 847 1634; x_wconf 79' lang='lat' dir='ltr'><strong>pistor</strong></span> <span class='ocrx_word' id='word_1_86' title='bbox 869 1547 923 1611; x_wconf 80' lang='lat' dir='ltr'><strong>rei</strong></span> <span class='ocrx_word' id='word_1_87' title='bbox 933 1545 1073 1611; x_wconf 80' lang='lat' dir='ltr'><strong>Lucilii</strong></span> <span class='ocrx_word' id='word_1_88' title='bbox 1092 1547 1228 1633; x_wconf 79' lang='lat' dir='ltr'><strong>pistri-</strong></span> 
     </span>
     <span class='ocr_line' id='line_1_12' title="bbox 226 1663 1230 1753; baseline 0 -25"><span class='ocrx_word' id='word_1_89' title='bbox 226 1689 274 1735; x_wconf 65' lang='grc' dir='ltr'><strong>πα</strong></span> <span class='ocrx_word' id='word_1_90' title='bbox 293 1664 346 1730; x_wconf 80' lang='lat' dir='ltr'><strong>ccl</strong></span> <span class='ocrx_word' id='word_1_91' title='bbox 364 1667 504 1753; x_wconf 63' lang='lat' dir='ltr'><strong>pistrix</strong></span> <span class='ocrx_word' id='word_1_92' title='bbox 518 1664 541 1729; x_wconf 67' lang='lat'><strong>⁹.</strong></span> <span class='ocrx_word' id='word_1_93' title='bbox 575 1665 766 1739; x_wconf 81' lang='lat' dir='ltr'><strong>Acutissimo</strong></span> <span class='ocrx_word' id='word_1_94' title='bbox 785 1665 919 1750; x_wconf 87' lang='lat' dir='ltr'><strong>quidem</strong></span> <span class='ocrx_word' id='word_1_95' title='bbox 939 1663 1014 1742; x_wconf 91' lang='lat' dir='ltr'><strong>ille,</strong></span> <span class='ocrx_word' id='word_1_96' title='bbox 1038 1667 1096 1730; x_wconf 87' lang='lat' dir='ltr'><strong>scd</strong></span> <span class='ocrx_word' id='word_1_97' title='bbox 1114 1664 1230 1752; x_wconf 74' lang='lat' dir='ltr'><strong>obstat,</strong></span> 
     </span>
     <span class='ocr_line' id='line_1_13' title="bbox 227 1761 1227 1870; baseline 0.001 -24"><span class='ocrx_word' id='word_1_98' title='bbox 227 1785 317 1868; x_wconf 91' lang='lat' dir='ltr'><strong>quod</strong></span> <span class='ocrx_word' id='word_1_99' title='bbox 344 1761 465 1848; x_wconf 88' lang='lat' dir='ltr'><strong>veteres</strong></span> <span class='ocrx_word' id='word_1_100' title='bbox 500 1782 647 1849; x_wconf 86' lang='lat' dir='ltr'><strong>universe</strong></span> <span class='ocrx_word' id='word_1_101' title='bbox 665 1783 829 1870; x_wconf 79' lang='lat' dir='ltr'><strong>pistrino</strong></span> <span class='ocrx_word' id='word_1_102' title='bbox 860 1780 1015 1847; x_wconf 80' lang='lat' dir='ltr'><strong>feminine</strong></span> <span class='ocrx_word' id='word_1_103' title='bbox 1034 1781 1191 1867; x_wconf 86' lang='lat' dir='ltr'><strong>scripsere</strong></span> <span class='ocrx_word' id='word_1_104' title='bbox 1202 1779 1227 1859; x_wconf 82' lang='lat'><strong>³,</strong></span> 
     </span>
     <span class='ocr_line' id='line_1_14' title="bbox 227 1900 1227 1989; baseline 0.001 -24"><span class='ocrx_word' id='word_1_105' title='bbox 227 1904 314 1986; x_wconf 91' lang='lat' dir='ltr'><strong>quod</strong></span> <span class='ocrx_word' id='word_1_106' title='bbox 326 1902 467 1967; x_wconf 85' lang='lat' dir='ltr'><strong>Lucilius</strong></span> <span class='ocrx_word' id='word_1_107' title='bbox 477 1905 676 1989; x_wconf 77' lang='lat' dir='ltr'><strong>pistricum</strong></span> <span class='ocrx_word' id='word_1_108' title='bbox 689 1923 819 1987; x_wconf 91' lang='lat' dir='ltr'><strong>quoque</strong></span> <span class='ocrx_word' id='word_1_109' title='bbox 832 1901 1015 1985; x_wconf 87' lang='lat' dir='ltr'><strong>usurpavit,</strong></span> <span class='ocrx_word' id='word_1_110' title='bbox 1026 1903 1116 1985; x_wconf 91' lang='lat' dir='ltr'><strong>quod</strong></span> <span class='ocrx_word' id='word_1_111' title='bbox 1122 1900 1227 1984; x_wconf 81' lang='lat' dir='ltr'><strong>inepte</strong></span> 
     </span>
     <span class='ocr_line' id='line_1_15' title="bbox 227 2021 1227 2107; baseline -0.001 -22"><span class='ocrx_word' id='word_1_112' title='bbox 227 2035 259 2085; x_wconf 87' lang='lat' dir='ltr'><strong>et</strong></span> <span class='ocrx_word' id='word_1_113' title='bbox 273 2035 393 2084; x_wconf 86' lang='lat' dir='ltr'><strong>temere</strong></span> <span class='ocrx_word' id='word_1_114' title='bbox 406 2021 631 2104; x_wconf 88' lang='lat' dir='ltr'><strong>interpositum</strong></span> <span class='ocrx_word' id='word_1_115' title='bbox 645 2022 771 2086; x_wconf 89' lang='lat' dir='ltr'><strong>videtur</strong></span> <span class='ocrx_word' id='word_1_116' title='bbox 777 2023 897 2107; x_wconf 81' lang='lat' dir='ltr'><strong>pistor</strong></span> <span class='ocrx_word' id='word_1_117' title='bbox 910 2033 1085 2104; x_wconf 84' lang='lat' dir='ltr'><strong>postquam</strong></span> <span class='ocrx_word' id='word_1_118' title='bbox 1094 2023 1227 2106; x_wconf 79' lang='lat' dir='ltr'><strong>pistri-</strong></span> 
     </span>
     <span class='ocr_line' id='line_1_16' title="bbox 225 2138 1227 2225; baseline 0.004 -24"><span class='ocrx_word' id='word_1_119' title='bbox 225 2161 309 2202; x_wconf 81' lang='lat' dir='ltr'><strong>num</strong></span> <span class='ocrx_word' id='word_1_120' title='bbox 321 2152 569 2216; x_wconf 80' lang='lat' dir='ltr'><strong>memoraverat,</strong></span> <span class='ocrx_word' id='word_1_121' title='bbox 580 2141 733 2223; x_wconf 89' lang='lat' dir='ltr'><strong>quodque</strong></span> <span class='ocrx_word' id='word_1_122' title='bbox 745 2140 881 2204; x_wconf 84' lang='lat' dir='ltr'><strong>obscura</strong></span> <span class='ocrx_word' id='word_1_123' title='bbox 901 2153 946 2205; x_wconf 87' lang='lat' dir='ltr'><strong>est</strong></span> <span class='ocrx_word' id='word_1_124' title='bbox 955 2138 1104 2204; x_wconf 89' lang='lat' dir='ltr'><strong>vocabuli</strong></span> <span class='ocrx_word' id='word_1_125' title='bbox 1108 2142 1227 2225; x_wconf 79' lang='lat' dir='ltr'><strong>pistor</strong></span> 
     </span>
     <span class='ocr_line' id='line_1_17' title="bbox 225 2254 1264 2344; baseline 0.002 -22"><span class='ocrx_word' id='word_1_126' title='bbox 225 2257 371 2340; x_wconf 88' lang='lat' dir='ltr'><strong>corrupti</strong></span> <span class='ocrx_word' id='word_1_127' title='bbox 389 2279 492 2321; x_wconf 84' lang='lat' dir='ltr'><strong>causa.</strong></span> <span class='ocrx_word' id='word_1_128' title='bbox 513 2254 622 2340; x_wconf 85' lang='lat' dir='ltr'><strong>Quare</strong></span> <span class='ocrx_word' id='word_1_129' title='bbox 634 2278 739 2341; x_wconf 87' lang='lat' dir='ltr'><strong>neque</strong></span> <span class='ocrx_word' id='word_1_130' title='bbox 759 2256 901 2322; x_wconf 87' lang='lat' dir='ltr'><strong>Miillero</strong></span> <span class='ocrx_word' id='word_1_131' title='bbox 919 2257 1076 2341; x_wconf 88' lang='lat' dir='ltr'><strong>placuisse</strong></span> <span class='ocrx_word' id='word_1_132' title='bbox 1099 2259 1230 2344; x_wconf 85' lang='lat' dir='ltr'><strong>conjec·</strong></span> <span class='ocrx_word' id='word_1_133' title='bbox 1260 2293 1264 2301; x_wconf 89' lang='lat'>·</span> 
     </span>
     <span class='ocr_line' id='line_1_18' title="bbox 227 2374 1229 2461; baseline 0.003 -22"><span class='ocrx_word' id='word_1_134' title='bbox 227 2389 301 2440; x_wconf 90' lang='lat' dir='ltr'><strong>tura</strong></span> <span class='ocrx_word' id='word_1_135' title='bbox 312 2376 451 2448; x_wconf 85' lang='lat' dir='ltr'><strong>videtur,</strong></span> <span class='ocrx_word' id='word_1_136' title='bbox 466 2375 522 2460; x_wconf 91' lang='lat' dir='ltr'><strong>qui</strong></span> <span class='ocrx_word' id='word_1_137' title='bbox 534 2374 668 2460; x_wconf 78' lang='lat' dir='ltr'><strong>intelligi</strong></span> <span class='ocrx_word' id='word_1_138' title='bbox 686 2396 775 2457; x_wconf 89' lang='lat' dir='ltr'><strong>posse</strong></span> <span class='ocrx_word' id='word_1_139' title='bbox 792 2389 904 2440; x_wconf 90' lang='lat' dir='ltr'><strong>notam</strong></span> <span class='ocrx_word' id='word_1_140' title='bbox 922 2376 1088 2461; x_wconf 88' lang='lat' dir='ltr'><strong>quandam</strong></span> <span class='ocrx_word' id='word_1_141' title='bbox 1102 2376 1137 2441; x_wconf 92' lang='lat' dir='ltr'><strong>in</strong></span> <span class='ocrx_word' id='word_1_142' title='bbox 1151 2377 1229 2442; x_wconf 82' lang='lat' dir='ltr'><strong>urbs</strong></span> 
     </span>
     <span class='ocr_line' id='line_1_19' title="bbox 228 2493 1228 2578; baseline 0.001 -18"><span class='ocrx_word' id='word_1_143' title='bbox 228 2497 335 2561; x_wconf 85' lang='lat' dir='ltr'><strong>Roma</strong></span> <span class='ocrx_word' id='word_1_144' title='bbox 364 2495 535 2578; x_wconf 80' lang='lat' dir='ltr'><strong>pistrinam</strong></span> <span class='ocrx_word' id='word_1_145' title='bbox 554 2493 685 2571; x_wconf 83' lang='lat' dir='ltr'><strong>scribit,</strong></span> <span class='ocrx_word' id='word_1_146' title='bbox 708 2494 847 2558; x_wconf 92' lang='lat' dir='ltr'><strong>dubium</strong></span> <span class='ocrx_word' id='word_1_147' title='bbox 872 2508 982 2559; x_wconf 88' lang='lat' dir='ltr'><strong>tamen</strong></span> <span class='ocrx_word' id='word_1_148' title='bbox 1007 2517 1070 2560; x_wconf 86' lang='lat' dir='ltr'><strong>esse</strong></span> <span class='ocrx_word' id='word_1_149' title='bbox 1090 2499 1228 2573; x_wconf 87' lang='lat' dir='ltr'><strong>addens,</strong></span> 
     </span>
     <span class='ocr_line' id='line_1_20' title="bbox 224 2612 1227 2699; baseline 0 -19"><span class='ocrx_word' id='word_1_150' title='bbox 224 2638 306 2680; x_wconf 89' lang='lat' dir='ltr'><strong>num</strong></span> <span class='ocrx_word' id='word_1_151' title='bbox 330 2613 436 2684; x_wconf 87' lang='lat' dir='ltr'><strong>Varro</strong></span> <span class='ocrx_word' id='word_1_152' title='bbox 453 2615 515 2679; x_wconf 90' lang='lat' dir='ltr'><strong>hoc</strong></span> <span class='ocrx_word' id='word_1_153' title='bbox 535 2613 684 2679; x_wconf 81' lang='lat' dir='ltr'><strong>uoluerit.</strong></span> <span class='ocrx_word' id='word_1_154' title='bbox 718 2612 773 2687; x_wconf 86' lang='lat' dir='ltr'><strong>Me</strong></span> <span class='ocrx_word' id='word_1_155' title='bbox 798 2612 950 2699; x_wconf 89' lang='lat' dir='ltr'><strong>quidem,</strong></span> <span class='ocrx_word' id='word_1_156' title='bbox 966 2613 1227 2697; x_wconf 87' lang='lat' dir='ltr'><strong>ineptumnesit‚</strong></span> 
     </span>
     <span class='ocr_line' id='line_1_21' title="bbox 224 2731 1227 2816; baseline 0.002 -19"><span class='ocrx_word' id='word_1_157' title='bbox 224 2735 388 2799; x_wconf 89' lang='lat' dir='ltr'><strong>Lucilium</strong></span> <span class='ocrx_word' id='word_1_158' title='bbox 399 2733 441 2798; x_wconf 93' lang='lat' dir='ltr'><strong>ob</strong></span> <span class='ocrx_word' id='word_1_159' title='bbox 454 2732 707 2816; x_wconf 87' lang='lat' dir='ltr'><strong>reprehendendi</strong></span> <span class='ocrx_word' id='word_1_160' title='bbox 717 2731 884 2797; x_wconf 89' lang='lat' dir='ltr'><strong>audaciam</strong></span> <span class='ocrx_word' id='word_1_161' title='bbox 895 2731 929 2794; x_wconf 92' lang='lat' dir='ltr'><strong>in</strong></span> <span class='ocrx_word' id='word_1_162' title='bbox 941 2752 1053 2816; x_wconf 73' lang='lat' dir='ltr'><strong>graves</strong></span> <span class='ocrx_word' id='word_1_163' title='bbox 1066 2734 1227 2798; x_wconf 85' lang='lat' dir='ltr'><strong>molestias</strong></span> 
     </span>
     <span class='ocr_line' id='line_1_22' title="bbox 223 2847 1224 2936; baseline 0.001 -21"><span class='ocrx_word' id='word_1_164' title='bbox 223 2852 366 2915; x_wconf 84' lang='lat' dir='ltr'><strong>incidisse</strong></span> <span class='ocrx_word' id='word_1_165' title='bbox 386 2851 505 2927; x_wconf 88' lang='lat' dir='ltr'><strong>videri,</strong></span> <span class='ocrx_word' id='word_1_166' title='bbox 530 2873 686 2936; x_wconf 87' lang='lat' dir='ltr'><strong>quaerere</strong></span> <span class='ocrx_word' id='word_1_167' title='bbox 705 2850 813 2915; x_wconf 87' lang='lat' dir='ltr'><strong>subiit.</strong></span> <span class='ocrx_word' id='word_1_168' title='bbox 859 2847 1037 2927; x_wconf 88' lang='lat' dir='ltr'><strong>Naevium,</strong></span> <span class='ocrx_word' id='word_1_169' title='bbox 1061 2851 1224 2935; x_wconf 71' lang='lat' dir='ltr'><strong>antiquio.</strong></span> 
     </span>
     <span class='ocr_line' id='line_1_23' title="bbox 222 2968 1225 3054; baseline 0.001 -20"><span class='ocrx_word' id='word_1_170' title='bbox 222 2992 294 3034; x_wconf 88' lang='lat' dir='ltr'><strong>rem</strong></span> <span class='ocrx_word' id='word_1_171' title='bbox 317 2975 467 3053; x_wconf 72' lang='lat' dir='ltr'><strong>poetam,</strong></span> <span class='ocrx_word' id='word_1_172' title='bbox 485 2970 542 3054; x_wconf 89' lang='lat' dir='ltr'><strong>qui</strong></span> <span class='ocrx_word' id='word_1_173' title='bbox 554 2968 697 3033; x_wconf 87' lang='lat' dir='ltr'><strong>Metellos</strong></span> <span class='ocrx_word' id='word_1_174' title='bbox 718 2970 925 3034; x_wconf 85' lang='lat' dir='ltr'><strong>vehementer</strong></span> <span class='ocrx_word' id='word_1_175' title='bbox 942 2969 1129 3047; x_wconf 86' lang='lat' dir='ltr'><strong>oll&#39;enderat,</strong></span> <span class='ocrx_word' id='word_1_176' title='bbox 1150 2993 1225 3037; x_wconf 89' lang='lat' dir='ltr'><strong>ear·</strong></span> 
     </span>
     <span class='ocr_line' id='line_1_24' title="bbox 222 3084 1225 3169; baseline 0.002 -18"><span class='ocrx_word' id='word_1_177' title='bbox 222 3087 302 3152; x_wconf 85' lang='lat' dir='ltr'><strong>ceris</strong></span> <span class='ocrx_word' id='word_1_178' title='bbox 317 3085 421 3169; x_wconf 74' lang='lat' dir='ltr'><strong>poenal</strong></span> <span class='ocrx_word' id='word_1_179' title='bbox 434 3087 587 3149; x_wconf 85' lang='lat' dir='ltr'><strong>affectum</strong></span> <span class='ocrx_word' id='word_1_180' title='bbox 608 3107 672 3149; x_wconf 87' lang='lat' dir='ltr'><strong>esse</strong></span> <span class='ocrx_word' id='word_1_181' title='bbox 692 3085 852 3159; x_wconf 84' lang='lat' dir='ltr'><strong>novimus,</strong></span> <span class='ocrx_word' id='word_1_182' title='bbox 868 3085 941 3148; x_wconf 90' lang='lat' dir='ltr'><strong>dein</strong></span> <span class='ocrx_word' id='word_1_183' title='bbox 954 3084 1066 3151; x_wconf 88' lang='lat' dir='ltr'><strong>Uticae</strong></span> <span class='ocrx_word' id='word_1_184' title='bbox 1079 3091 1225 3153; x_wconf 82' lang='lat' dir='ltr'><strong>exsulas·-</strong></span> 
     </span>
     <span class='ocr_line' id='line_1_25' title="bbox 217 3202 1219 3296; baseline 0.003 -26"><span class='ocrx_word' id='word_1_185' title='bbox 217 3228 261 3296; x_wconf 83' lang='lat' dir='ltr'><strong>se.</strong></span> <span class='ocrx_word' id='word_1_186' title='bbox 297 3205 429 3269; x_wconf 86' lang='lat' dir='ltr'><strong>Diversa</strong></span> <span class='ocrx_word' id='word_1_187' title='bbox 445 3202 549 3267; x_wconf 88' lang='lat' dir='ltr'><strong>Plauti</strong></span> <span class='ocrx_word' id='word_1_188' title='bbox 579 3223 645 3268; x_wconf 90' lang='lat' dir='ltr'><strong>sors</strong></span> <span class='ocrx_word' id='word_1_189' title='bbox 668 3204 774 3266; x_wconf 90' lang='lat' dir='ltr'><strong>fuerat</strong></span> <span class='ocrx_word' id='word_1_190' title='bbox 798 3223 919 3286; x_wconf 91' lang='lat' dir='ltr'><strong>quem,</strong></span> <span class='ocrx_word' id='word_1_191' title='bbox 945 3216 983 3266; x_wconf 89' lang='lat' dir='ltr'><strong>ut</strong></span> <span class='ocrx_word' id='word_1_192' title='bbox 999 3202 1045 3267; x_wconf 90' lang='lat' dir='ltr'><strong>rei</strong></span> <span class='ocrx_word' id='word_1_193' title='bbox 1063 3205 1219 3273; x_wconf 83' lang='lat' dir='ltr'><strong>familiari</strong></span> 
     </span>
    </p>
   </div>
   <div class='ocr_carea' id='block_1_4' title="bbox 216 3427 1218 4084">
    <p class='ocr_par' dir='ltr' id='par_1_4' title="bbox 216 3427 582 3494">
     <span class='ocr_line' id='line_1_26' title="bbox 216 3427 582 3494; baseline -0.027 -4"><span class='ocrx_word' id='word_1_194' title='bbox 216 3484 220 3490; x_wconf 96' lang='lat'>.</span> <span class='ocrx_word' id='word_1_195' title='bbox 253 3448 266 3488; x_wconf 83' lang='lat'>1</span> <span class='ocrx_word' id='word_1_196' title='bbox 303 3437 347 3486; x_wconf 84' lang='lat' dir='ltr'><strong>De</strong></span> <span class='ocrx_word' id='word_1_197' title='bbox 365 3434 399 3485; x_wconf 78' lang='lat' dir='ltr'><strong>L.</strong></span> <span class='ocrx_word' id='word_1_198' title='bbox 418 3432 452 3483; x_wconf 76' lang='grc' dir='ltr'><strong>Ῑι.</strong></span> <span class='ocrx_word' id='word_1_199' title='bbox 470 3427 508 3494; x_wconf 85' lang='lat' dir='ltr'><strong>V,</strong></span> <span class='ocrx_word' id='word_1_200' title='bbox 522 3429 582 3484; x_wconf 78' lang='grc'><strong>158.</strong></span> 
     </span>
    </p>

    <p class='ocr_par' dir='ltr' id='par_1_5' title="bbox 216 3523 1218 3792">
     <span class='ocr_line' id='line_1_27' title="bbox 216 3523 1215 3595; baseline -0.012 -9"><span class='ocrx_word' id='word_1_201' title='bbox 216 3584 221 3591; x_wconf 90' lang='grc'>,</span> <span class='ocrx_word' id='word_1_202' title='bbox 253 3551 269 3586; x_wconf 82' lang='lat'><em>2</em></span> <span class='ocrx_word' id='word_1_203' title='bbox 308 3533 338 3583; x_wconf 87' lang='lat' dir='ltr'><em>V</em></span> <span class='ocrx_word' id='word_1_204' title='bbox 346 3547 433 3582; x_wconf 79' lang='lat' dir='ltr'><strong>orto</strong></span> <span class='ocrx_word' id='word_1_205' title='bbox 449 3530 470 3585; x_wconf 87' lang='lat' dir='ltr'><strong>I.</strong></span> <span class='ocrx_word' id='word_1_206' title='bbox 481 3530 500 3582; x_wconf 84' lang='lat'><strong>1.</strong></span> <span class='ocrx_word' id='word_1_207' title='bbox 511 3527 563 3579; x_wconf 82' lang='lat' dir='ltr'><strong>Ed.</strong></span> <span class='ocrx_word' id='word_1_208' title='bbox 574 3525 634 3593; x_wconf 90' lang='lat' dir='ltr'><strong>Bip.</strong></span> <span class='ocrx_word' id='word_1_209' title='bbox 645 3526 674 3579; x_wconf 92' lang='lat' dir='ltr'><strong>ll</strong></span> <span class='ocrx_word' id='word_1_210' title='bbox 689 3527 767 3595; x_wconf 82' lang='lat' dir='ltr'><strong>p.96.</strong></span> <span class='ocrx_word' id='word_1_211' title='bbox 787 3526 901 3580; x_wconf 86' lang='lat' dir='ltr'><strong>Duobus</strong></span> <span class='ocrx_word' id='word_1_212' title='bbox 911 3525 981 3578; x_wconf 82' lang='lat' dir='ltr'><strong>locis</strong></span> <span class='ocrx_word' id='word_1_213' title='bbox 991 3523 1155 3578; x_wconf 82' lang='lat' dir='ltr'><strong>vocabulum</strong></span> <span class='ocrx_word' id='word_1_214' title='bbox 1163 3541 1215 3576; x_wconf 83' lang='lat' dir='ltr'><strong>ex-</strong></span> 
     </span>
     <span class='ocr_line' id='line_1_28' title="bbox 218 3620 1218 3695; baseline -0.002 -17"><span class='ocrx_word' id='word_1_215' title='bbox 218 3635 271 3684; x_wconf 80' lang='lat' dir='ltr'><strong>stat</strong></span> <span class='ocrx_word' id='word_1_216' title='bbox 285 3625 511 3695; x_wconf 83' lang='lat' dir='ltr'><strong>spadLucilium:</strong></span> <span class='ocrx_word' id='word_1_217' title='bbox 535 3622 619 3688; x_wconf 74' lang='lat' dir='ltr'><strong>xvi,</strong></span> <span class='ocrx_word' id='word_1_218' title='bbox 635 3643 667 3677; x_wconf 88' lang='lat' dir='ltr'><strong>ro</strong></span> <span class='ocrx_word' id='word_1_219' title='bbox 686 3624 784 3676; x_wconf 80' lang='lat' dir='ltr'><strong>Media</strong></span> <span class='ocrx_word' id='word_1_220' title='bbox 801 3641 820 3676; x_wconf 84' lang='lat' dir='ltr'><strong><em>a</em></strong></span> <span class='ocrx_word' id='word_1_221' title='bbox 832 3624 873 3693; x_wconf 88' lang='lat' dir='ltr'><strong>pi</strong></span> <span class='ocrx_word' id='word_1_222' title='bbox 882 3624 1060 3675; x_wconf 84' lang='lat' dir='ltr'><strong>strinacl</strong></span> <span class='ocrx_word' id='word_1_223' title='bbox 1071 3620 1160 3685; x_wconf 87' lang='lat' dir='ltr'><strong>vlll,</strong></span> <span class='ocrx_word' id='word_1_224' title='bbox 1174 3637 1218 3686; x_wconf 80' lang='lat' dir='ltr'><strong>tt,</strong></span> 
     </span>
     <span class='ocr_line' id='line_1_29' title="bbox 282 3717 1151 3792; baseline -0.005 -17"><span class='ocrx_word' id='word_1_225' title='bbox 282 3725 327 3775; x_wconf 86' lang='lat' dir='ltr'><strong>Pi</strong></span> <span class='ocrx_word' id='word_1_226' title='bbox 335 3718 515 3776; x_wconf 68' lang='lat' dir='ltr'><strong>strictum</strong></span> <span class='ocrx_word' id='word_1_227' title='bbox 541 3721 719 3792; x_wconf 81' lang='lat' dir='ltr'><strong>appositum,</strong></span> <span class='ocrx_word' id='word_1_228' title='bbox 741 3720 905 3789; x_wconf 80' lang='lat' dir='ltr'><strong>posticum,</strong></span> <span class='ocrx_word' id='word_1_229' title='bbox 931 3717 1024 3782; x_wconf 83' lang='lat' dir='ltr'><strong>sella,</strong></span> <span class='ocrx_word' id='word_1_230' title='bbox 1047 3719 1151 3771; x_wconf 83' lang='lat' dir='ltr'><strong>culina.</strong></span> 
     </span>
    </p>

    <p class='ocr_par' dir='ltr' id='par_1_6' title="bbox 220 3817 1107 4084">
     <span class='ocr_line' id='line_1_30' title="bbox 220 3817 687 3889; baseline 0 -17"><span class='ocrx_word' id='word_1_231' title='bbox 220 3821 276 3873; x_wconf 84' lang='lat' dir='ltr'><strong>l&#39;is</strong></span> <span class='ocrx_word' id='word_1_232' title='bbox 288 3827 298 3872; x_wconf 92' lang='lat' dir='ltr'><strong>t</strong></span> <span class='ocrx_word' id='word_1_233' title='bbox 308 3838 322 3872; x_wconf 88' lang='lat' dir='ltr'><strong>r</strong></span> <span class='ocrx_word' id='word_1_234' title='bbox 334 3821 343 3870; x_wconf 93' lang='lat' dir='ltr'><strong>i</strong></span> <span class='ocrx_word' id='word_1_235' title='bbox 354 3836 371 3870; x_wconf 82' lang='lat' dir='ltr'>x</span> <span class='ocrx_word' id='word_1_236' title='bbox 388 3819 508 3872; x_wconf 85' lang='lat' dir='ltr'><strong>occurrit</strong></span> <span class='ocrx_word' id='word_1_237' title='bbox 519 3820 575 3871; x_wconf 79' lang='lat' dir='ltr'><strong>inc.</strong></span> <span class='ocrx_word' id='word_1_238' title='bbox 582 3818 628 3889; x_wconf 81' lang='lat' dir='ltr'><strong>f&#39;·</strong></span> <span class='ocrx_word' id='word_1_239' title='bbox 643 3817 687 3872; x_wconf 77' lang='grc' dir='ltr'><strong>ιὸ.</strong></span> 
     </span>
     <span class='ocr_line' id='line_1_31' title="bbox 285 3910 1107 3983; baseline -0.009 -13"><span class='ocrx_word' id='word_1_240' title='bbox 285 3919 512 3970; x_wconf 76' lang='lat' dir='ltr'><strong>Pistricem</strong></span> <span class='ocrx_word' id='word_1_241' title='bbox 531 3916 676 3979; x_wconf 82' lang='lat' dir='ltr'><strong>validam,</strong></span> <span class='ocrx_word' id='word_1_242' title='bbox 697 3915 725 3966; x_wconf 82' lang='lat' dir='ltr'><strong>si</strong></span> <span class='ocrx_word' id='word_1_243' title='bbox 740 3914 846 3965; x_wconf 85' lang='lat' dir='ltr'><strong>nummi</strong></span> <span class='ocrx_word' id='word_1_244' title='bbox 864 3910 1107 3983; x_wconf 75' lang='lat' dir='ltr'><strong>suppeditabunt,</strong></span> 
     </span>
     <span class='ocr_line' id='line_1_32' title="bbox 285 4011 1059 4084; baseline -0.005 -16"><span class='ocrx_word' id='word_1_245' title='bbox 285 4016 383 4068; x_wconf 82' lang='lat' dir='ltr'><strong>Addas</strong></span> <span class='ocrx_word' id='word_1_246' title='bbox 396 4013 566 4084; x_wconf 75' lang='lat' dir='ltr'><strong>empleuron,</strong></span> <span class='ocrx_word' id='word_1_247' title='bbox 589 4011 765 4082; x_wconf 77' lang='lat' dir='ltr'><strong>mamphulas</strong></span> <span class='ocrx_word' id='word_1_248' title='bbox 780 4028 851 4080; x_wconf 83' lang='lat' dir='ltr'><strong>quae</strong></span> <span class='ocrx_word' id='word_1_249' title='bbox 866 4012 940 4061; x_wconf 76' lang='lat' dir='ltr'><strong>sciat</strong></span> <span class='ocrx_word' id='word_1_250' title='bbox 957 4029 1059 4064; x_wconf 73' lang='lat' dir='ltr'><strong>omncs·</strong></span> 
     </span>
    </p>
   </div>
   <div class='ocr_carea' id='block_1_5' title="bbox 251 4106 1000 4178">
    <p class='ocr_par' dir='ltr' id='par_1_7' title="bbox 251 4106 1000 4178">
     <span class='ocr_line' id='line_1_33' title="bbox 251 4106 1000 4178; baseline -0.012 -13"><span class='ocrx_word' id='word_1_251' title='bbox 251 4116 267 4165; x_wconf 78' lang='grc' dir='ltr'>ὅ</span> <span class='ocrx_word' id='word_1_252' title='bbox 303 4117 445 4164; x_wconf 81' lang='lat' dir='ltr'><strong>Donat.</strong></span> <span class='ocrx_word' id='word_1_253' title='bbox 465 4112 502 4162; x_wconf 81' lang='lat' dir='ltr'><strong>ad</strong></span> <span class='ocrx_word' id='word_1_254' title='bbox 523 4112 585 4164; x_wconf 80' lang='lat' dir='ltr'><strong>Ter·</strong></span> <span class='ocrx_word' id='word_1_255' title='bbox 609 4109 729 4178; x_wconf 81' lang='lat' dir='ltr'><strong>Adelph.</strong></span> <span class='ocrx_word' id='word_1_256' title='bbox 749 4106 803 4170; x_wconf 91' lang='lat' dir='ltr'><strong>lV,</strong></span> <span class='ocrx_word' id='word_1_257' title='bbox 822 4127 849 4173; x_wconf 82' lang='lat'><strong>2,</strong></span> <span class='ocrx_word' id='word_1_258' title='bbox 866 4106 912 4159; x_wconf 77' lang='lat'><strong>45.</strong></span> <span class='ocrx_word' id='word_1_259' title='bbox 998 4162 1000 4166; x_wconf 22' lang='lat'><strong><em>¹</em></strong></span> 
     </span>
    </p>
   </div>
   <div class='ocr_carea' id='block_1_6' title="bbox 0 0 1294 4756">
    <p class='ocr_par' dir='ltr' id='par_1_8' title="bbox 0 0 1294 4756">
     <span class='ocr_line' id='line_1_34' title="bbox 0 0 1294 4756; baseline 0 5"><span class='ocrx_word' id='word_1_260' title='bbox 0 0 1294 4756; x_wconf 95' lang='lat' dir='ltr'><strong> </strong></span> 
     </span>
    </p>
   </div>
  </div>
 </body>
</html>
