2580 4756
613 408 671 467 131

133 587 246 669 quod,
271 585 380 667 prouti
402 586 477 658 illc,
501 585 612 647 stilum
637 584 754 649 acuisse
776 585 810 647 in
829 587 930 648 malos
960 597 992 648 et
1016 585 1142 649 facino-

133 724 221 767 rosos
256 703 402 768 homines
437 715 607 769 statuatur.
655 703 769 789 ltaque
792 705 912 768 erravit
933 723 1064 788 quoque
1086 725 1143 767 re-

131 825 243 908 liqua,
270 845 352 907 quac
375 837 500 888 exstant
521 826 608 908 apud
631 824 817 899 Rutilium,
840 824 1144 889 Dccioaccommo·

132 945 224 1007 dans.
270 941 361 1027 Quae
396 945 488 1008 nullo
523 945 621 1007 modo
635 964 726 1006 mens
749 947 863 1026 politae
886 943 1014 1007 ridetur
1038 943 1143 1008 fuisse.

132 1062 350 1130 Wernsdorff
376 1083 453 1126 vero
485 1062 568 1127 mire
603 1062 783 1127 fluctuavit.
831 1060 929 1127 Modo
960 1062 1049 1125 enim
1073 1061 1145 1125 Lu-

134 1181 249 1244 cillum
272 1180 361 1244 Decii
373 1193 501 1262 patrem
527 1183 728 1258 naturalem,
742 1183 841 1244 modo
864 1178 906 1263 Q.
920 1180 1060 1245 Fabium
1074 1181 1146 1243 Lu-

135 1301 261 1363 cullum
298 1300 332 1388 (i.
357 1320 385 1364 e.
410 1297 587 1384 Lucillum)
623 1301 716 1364 fuisse
738 1300 936 1383 suspicatur,
962 1303 1053 1385 eujus
1076 1301 1148 1383 epi-

136 1430 324 1502 grammata
358 1422 517 1481 anennual
549 1418 583 1481 in
619 1419 815 1505 Anthologia
839 1417 963 1483 Graeca
982 1422 1149 1505 leguntur.

135 1535 245 1600 Potius
277 1535 410 1600 Barthio
436 1536 609 1612 assentior,
633 1558 708 1601 vere
725 1538 795 1620 jam
815 1537 941 1601 dudum
964 1539 1150 1620 suspicato,

138 1655 305 1719 Lucilium
346 1668 488 1719 veterem
521 1653 793 1741 satirographum
826 1676 843 1719 a
876 1656 999 1720 Rutilio
1024 1657 1149 1739 respici.

137 1774 251 1858 Neque
278 1773 386 1849 enim,
421 1776 511 1859 quod
542 1773 705 1838 Lucillus
736 1795 802 1838 non
826 1773 989 1838 Lucilius
1012 1774 1151 1850 dicitur,

97 1952 100 1957 .
140 1894 366 1958 difficultatem
390 1906 520 1957 moretz
544 1902 649 1958 exstat
672 1894 791 1977 passim
814 1894 912 1957 etiam
935 1895 1150 1977 itascriptum

138 2033 262 2076 nomen
281 2010 498 2076 Loattttost
523 2011 570 2080 Ut
589 2033 627 2075 ex
646 2013 744 2076 totius
762 2012 823 2077 loci
836 2012 961 2076 ratione
972 2025 1086 2095 sponte
1094 2035 1152 2097 pa-

139 2144 207 2207 tet,
225 2133 335 2194 laudat
347 2143 380 2194 et
392 2131 533 2194 celebrat
545 2131 655 2195 virum
671 2127 908 2208 honestissime,
922 2132 1154 2196 humanissime

140 2249 479 2334 continentissimeque
503 2270 641 2314 munere
667 2253 874 2337 fungentem.
906 2249 973 2316 Neo
992 2274 1067 2316 sane
1091 2253 1155 2316 mi·

140 2389 218 2432 rum
236 2370 357 2432 harum
375 2369 537 2433 uirtutum
552 2369 773 2434 recordatione
786 2370 902 2434 Lucilii
915 2372 944 2434 ei
959 2371 992 2434 in
1006 2384 1153 2435 mentem

140 2489 283 2563 venisse,
308 2489 398 2571 cujus
419 2492 508 2552 velut
531 2488 640 2552 nobile
661 2488 779 2575 pignus
800 2488 918 2552 Decius
942 2502 1041 2565 esset,
1064 2491 1154 2572 cujus

139 2620 314 2690 tamquam
344 2607 462 2670 eximia
490 2609 595 2689 proles
612 2606 756 2670 indolem
775 2608 912 2670 referret
934 2627 971 2670 ac
994 2607 1154 2672 redderet.

141 2725 258 2809 Itaque
276 2725 352 2789 hinc
374 2726 522 2807 primum
543 2725 623 2788 illud
645 2725 870 2809 assequimur,
894 2726 983 2808 quod
1006 2725 1154 2812 neglexi-

141 2867 216 2907 mus
233 2857 421 2927 opportuno
442 2846 513 2908 loco
534 2847 656 2907 referre
668 2843 702 2919 ²,
726 2844 899 2926 praestanti
922 2866 1034 2909 revera
1048 2844 1154 2910 indole

142 2963 308 3027 Lucilium
332 2963 448 3038 fuisse,
470 2975 543 3026 tum
561 2962 687 3026 Rutilio
705 2963 868 3027 Lucilium
889 2964 1027 3050 dignum
1048 2963 1154 3029 visum

142 3104 231 3156 esse,
251 3083 308 3165 qui
330 3094 583 3164 anteponeretur
607 3080 721 3144 Turno
741 3095 774 3146 et
799 3079 966 3159 Juvenali,
991 3081 1026 3144 in
1041 3083 1156 3146 eodem

141 3206 273 3284 poeseos
299 3221 417 3285 genere
437 3199 596 3263 recentius
615 3199 755 3263 versatis.
787 3199 911 3263 Deinde
934 3212 1043 3282 patet,
1076 3199 1157 3264 Per·

140 3320 179 3384 sii
211 3317 316 3383 verbis
340 3321 447 3381 secuit
471 3316 635 3382 Lucilius
657 3318 776 3382 urbem
802 3317 1009 3401 comprobari
1032 3320 1154 3382 vulni-

134 3438 231 3527 ficis
254 3437 451 3512 camoena,
475 3435 594 3521 quibus
621 3437 717 3501 satira
735 3435 852 3501 Lucilii
874 3438 1003 3501 luserat.
1034 3436 1081 3503 Ut
1099 3459 1158 3503 ve-

142 3579 182 3623 ro
201 3557 328 3631 omnis,
354 3555 435 3640 quin
456 3555 511 3619 hic
529 3560 643 3638 poetae
664 3576 815 3619 excursus
829 3554 993 3617 Lucilium
1010 3569 1156 3637 spectet,

143 3676 304 3740 dubitatio
336 3678 487 3750 tollatur,
517 3674 640 3739 faciunt
661 3674 815 3758 postremi
832 3675 898 3738 duo
919 3697 1044 3754 versus;
1070 3699 1156 3762 quo-

142 3818 221 3860 rum
242 3793 398 3878 posterior
420 3793 554 3878 quidem
578 3793 719 3858 concinit
742 3792 928 3858 Luciliano:

183 4101 192 4135 ι
234 4081 574 4150 Cf.sup.p.115,118.

96 4234 101 4244 .
178 4203 194 4235 2
233 4179 302 4248 Sur·
321 4198 347 4246 1‘·
367 4180 399 4248 69
418 4197 480 4248 saa·
