2580 4756
580 348 644 407 276

136 527 298 586 variarum
328 541 439 585 rerum
468 533 611 585 saturus
646 524 738 583 ludos
762 520 831 582 illos
866 542 931 584 esse
952 527 1123 604 appellatos,

134 644 188 703 sed
220 653 342 703 saturas
366 640 470 701 modis
493 639 644 720 impletas
664 637 786 720 opponi
804 638 886 720 jocis
904 639 1122 722 incompositis,

136 758 336 822 Fescennino
363 780 455 822 versu
475 759 604 841 jactatis
629 770 661 822 et
678 760 868 844 α’μοιβαίοις.
918 757 1049 822 Necesse
1073 761 1116 845 igi·

134 889 189 938 tur
213 878 457 951 existimemus,
479 888 601 939 saturas
620 876 688 939 illas
706 898 766 940 nec
780 876 860 958 jocis
881 877 1016 941 rudibus
1044 891 1072 942 et
1087 879 1121 940 in·

135 995 293 1069 conditis,
325 1015 386 1058 nec
410 994 437 1056 F
439 994 616 1058 escenninis
640 993 783 1056 versibus
812 993 1011 1070 constitisse,
1038 1017 1121 1080 neque

137 1132 214 1176 vero
235 1111 386 1174 alternis
407 1111 477 1174 cani
502 1111 708 1174 consuevisse.
744 1110 914 1175 Histrionis
937 1113 1121 1197 quidenna

136 1250 213 1291 men
237 1251 254 1291 e
276 1229 388 1313 lingua
405 1229 541 1292 Etrusca
565 1228 674 1292 Livius
702 1241 734 1291 et
752 1227 902 1293 Valerius
922 1201 1118 1314 repetierunt,

117 1347 248 1410 Festus
279 1348 396 1422 docet,
431 1346 532 1410 dictos
564 1367 630 1410 esse
661 1345 851 1422 histriones,
888 1351 979 1431 quod
1000 1348 1119 1431 primum

135 1484 172 1525 ex
207 1461 327 1525 Histria
354 1462 522 1538 venerint;
560 1462 703 1526 Isidorus
736 1483 813 1527 vero
845 1464 999 1536 dubitat,
1031 1478 1117 1529 uuum

135 1579 179 1642 sic
207 1578 285 1642 dicti
320 1578 461 1653 suerint,
496 1583 585 1662 quod
614 1579 656 1642 ab
685 1579 805 1643 Histria
838 1581 970 1646 adducti
990 1584 1067 1657 sint,
1090 1603 1118 1643 an

137 1699 226 1781 quod
255 1701 424 1779 perplexas
453 1696 592 1761 historiis
628 1697 754 1760 fabulas
786 1699 1028 1781 exprimerent,
1052 1699 1119 1785 quasi

136 1814 327 1879 historiones
337 1814 365 1879 1.
390 1813 541 1897 Quarum
554 1814 807 1897 explicationum
819 1822 975 1882 neutram
985 1839 1055 1883 sane
1064 1837 1119 1900 pro

137 1933 275 2009 bamus3
301 1933 383 1996 illud
401 1945 492 1996 extra
511 1932 667 2008 dubium,
690 1944 778 1996 recte
790 1954 867 1996 eum
891 1934 1042 1999 indicasse
1056 1934 1120 2018 quo'd

137 2049 368 2113 intellexerunt
389 2049 498 2114 Livius
519 2063 552 2112 et
572 2048 731 2114 Valerius.
777 2050 884 2114 Erant
907 2053 996 2117 enim
1020 2067 1120 2117 satane

136 2142 208 2228 illae
223 2166 374 2252 subulae
398 2167 563 2230 historiis
581 2167 788 2252 perplexas,
820 2169 967 2234 mixtum
986 2193 1023 2235 ac
1040 2170 1121 2237 varie·

136 2296 251 2367 gaturn
273 2282 460 2345 fabularum
484 2305 604 2367 genus,
627 2287 715 2348 baud
736 2284 915 2350 invenustis
934 2289 1014 2371 jocis
1035 2292 1122 2352 'acsa-

137 2398 220 2462 libus
240 2399 431 2474 conditum,
455 2377 492 2462 et*
510 2403 561 2463 vel
580 2421 619 2462 ex
633 2401 839 2483 quotidianae
851 2401 1122 2468 vitaerebushats·

139 2532 230 2595 tum,
262 2520 314 2582 vel
342 2520 382 2583 ad
412 2521 591 2581 earundem
623 2518 1014 2586 rerum'similitudinem
1035 2522 1123 2586 leviter

136 2636 264 2701 fictum.
302 2634 448 2699 Fortasse
477 2635 598 2710 etiam,
631 2637 720 2719 quod
752 2633 880 2700 Munko
896 2659 898 2663 ⁴
915 2636 1124 2716 visum-satis

138 2752 360 2825 irrisionibus,
384 2751 525 2815 ridiculis
549 2750 841 2836 ambiguitatibus,
871 2754 1035 2820 obscoenis
1053 2753 1125 2820 dictis

137 2869 383 2951 proverbiisque
396 2869 629 2946 constiterunt,
643 2891 751 2954 neque
762 2868 881 2934 natura
896 2872 1061 2936 dissimiles
1070 2875 1125 2935 fas·

139 3000 218 3051 runt
232 2986 325 3070 nugis
348 2985 424 3061 istis,
448 2986 565 3069 quibus
587 2987 681 3050 hodie
700 2988 797 3051 etiam
810 2988 894 3052 Itala
905 2991 997 3072 plebs
1008 2986 1125 3057 Venetis

139 3103 344 3183 potissimum
380 3115 412 3165 et
434 3100 566 3183 Neapoli
600 3106 741 3188 gaudere
756 3109 848 3171 solet.
897 3106 1017 3172 Medis
1038 3119 1125 3171 autem

139 3217 304 3304 impletae
331 3217 503 3293 dicuntur,
538 3223 627 3303 quod
659 3235 757 3288 cantu
791 3237 824 3287 et
844 3225 1125 3291 actionesxhitm·

139 3339 273 3402 bantur.
298 3333 490 3420 Quaeritur,
509 3350 623 3399 utrum
637 3339 773 3404 fabellae
791 3341 880 3421 illae,
896 3364 981 3427 quae
992 3353 1124 3428 perpetu

140 3468 337 3542 argumento
358 3454 530 3531 carebant,
552 3454 619 3520 sine
649 3460 716 3521 ulla
734 3460 946 3525 meditatione
962 3461 1067 3525 subito
1083 3459 1123 3520 s·

133 3595 192 3636 sae
225 3573 346 3637 fuerint
376 3596 418 3637 an
450 3574 661 3638 meditatione
700 3591 809 3658 partae
845 3585 893 3643 st·
912 3569 1120 3662 compositae²⁸

146 3747 265 3758 *a---an—⁴
273 3752 320 3759 .......,
326 3756 329 3759 .
336 3755 383 3761 ->·...

178 3863 188 3898 t
230 3851 325 3919 Origg.
348 3851 526 3917 xvlll,48.

179 3963 193 3994 2
233 3947 354 3998 Stieve
373 3952 405 4000 ds
425 3955 465 4002 rei
483 3972 556 4003 scen.
586 3955 908 4024 ap.Rom.orig.p.1i4.
927 3950 1078 4010 CfiMunl
1163 3996 1165 4006 .

140 4062 168 4108 a·
192 4042 301 4112 ¹5t59l·
