2580 4756
620 376 681 437 195

136 549 171 610 in
197 548 360 612 Socrates
384 549 509 612 Lucilio
528 556 679 614 notatum
700 571 775 614 esse.
800 545 935 634 Epicuri
956 567 1144 620 atomorum

135 679 169 728 et
188 666 372 742 idolorum,
397 665 550 754 Cratetis,
564 667 745 731 Polemonis
770 679 804 732 et
815 667 1018 734 Cameadeae
1042 681 1145 735 πιθα-

135 789 265 867 νότητος
301 784 504 848 mentionem
541 788 661 848 factam
689 775 859 860 videmus,
892 808 998 870 neque
1033 800 1144 853 tamen

135 903 242 986 liquet
261 906 426 986 quomodo
450 905 489 966 de
505 901 539 966 iis
564 901 796 966 existimaverit
810 900 836 966 ¹.
883 903 945 969 Sed
968 920 1006 969 ut
1026 908 1145 989 proba·

135 1020 200 1082 bile
222 1033 282 1093 est,
307 1020 461 1083 ethicae
490 1018 711 1101 philosophiae
736 1018 897 1102 principes
917 1040 983 1083 non
1009 1022 1144 1086 intactos

135 1138 177 1200 ab
205 1157 243 1200 eo
264 1137 407 1200 dimissos
428 1157 513 1211 esse,
549 1136 594 1201 ita
623 1136 694 1200 illos
715 1157 847 1220 quoque
870 1158 937 1202 non
960 1160 1146 1204 memorare

135 1276 203 1318 non
224 1255 352 1338 potuit,
378 1255 435 1339 qui
458 1255 492 1317 in
512 1253 678 1340 physica
701 1253 871 1337 disciplina
886 1244 1145 1323 elaboraverant.

135 1371 235 1457 Quod
256 1374 307 1437 vel
331 1373 411 1435 illud
434 1373 546 1435 suadet
570 1381 608 1433 ut
626 1373 812 1446 credamus,
834 1375 923 1455 quod
941 1387 1146 1455 praesentem

136 1513 215 1556 cum
236 1490 447 1576 cognovimus
470 1488 674 1554 sermonibus
694 1490 771 1565 illis,
794 1510 873 1573 quos
894 1489 928 1552 in
950 1489 1145 1558 Numantiae

137 1609 300 1673 obsidione
333 1625 410 1673 cum
445 1607 569 1672 Rutilio
598 1606 706 1690 Scipio
739 1610 844 1671 fertur
879 1608 1043 1672 miscuisse
1055 1599 1092 1688 2‘3
1126 1633 1145 1674 a

135 1729 254 1812 quibus
275 1732 375 1792 ducto
394 1727 486 1791 initio
509 1740 541 1791 et
561 1726 667 1791 studio
688 1726 833 1790 incensus
860 1726 1046 1789 uberiorem
1071 1742 1145 1792 sane

135 1847 286 1909 notitiam
321 1846 407 1909 illius
435 1844 657 1928 philosophiae
688 1865 705 1906 e
729 1844 1000 1926 philosophorum
1018 1847 1150 1929 scriptis*

135 1963 316 2028 maturiore
340 1975 443 2026 aetate
463 1962 616 2025 hauserit.
640 1961 746 2024 Pauca
763 1963 828 2026 huc
852 1965 1037 2048 fragmenta
1056 1987 1145 2048 spec·

136 2095 225 2155 tant,
240 2084 342 2144 velut:
367 2079 556 2164 Principio
563 2079 708 2165 physici
721 2102 832 2143 omnes
846 2081 999 2145 hemines
1012 2107 1050 2147 ese
1063 2088 1146 2150 ani-

136 2221 194 2261 me
208 2210 238 2260 et
252 2219 391 2282 corpore
402 2209 559 2260 constare
571 2195 693 2259 dieunt
707 2196 734 2262 3.
758 2196 881 2274 Varr0,
908 2225 925 2264 «
939 2200 1070 2278 Poetae,
1080 2204 1144 2279 ait,

134 2319 174 2378 de
195 2317 283 2377 coelo
302 2315 390 2396 quod
408 2334 519 2376 semen
537 2313 672 2398 igneum
694 2313 840 2378 cecidisse
857 2315 972 2380 dieunt
983 2319 1017 2381 in
1029 2341 1145 2398 mare,

135 2455 172 2496 ac
201 2444 313 2494 natam
330 2453 363 2511 'e
395 2430 539 2513 spumeis
563 2429 747 2505 Venerem,
781 2435 967 2515 conjunctio
1000 2436 1083 2519 ignis
1113 2452 1145 2501 et

135 2548 282 2612 humoris
306 2530 407 2630 quam
430 2545 530 2608 habet
554 2546 635 2621 vim,
654 2545 839 2630 significant
863 2569 927 2610 esse
949 2548 1096 2614 Veneris.
1117 2555 1145 2615 A

136 2689 202 2750 qua
226 2667 256 2728 vi
281 2665 381 2728 nateis
416 2663 503 2727 dicta
525 2662 609 2738 vita,
641 2674 673 2724 et
694 2663 810 2725 illuda
833 2663 977 2726 Lucilio:
1005 2665 1043 2730 V
1042 2669 1074 2729 t's
1093 2681 1143 2730 est

136 2788 233 2858 uite,
258 2782 367 2855 eides,
392 2783 447 2843 vis
475 2802 536 2842 nos
551 2777 674 2864 secere
694 2780 811 2841 caenia
831 2778 986 2867 osgitha
1022 2782 1141 2847 Refer.

133 2904 162 2966 ri
187 2903 301 2964 eodem
334 2898 433 2961 etiam
457 2896 539 2960 illud
564 2916 654 2978 posse
685 2892 850 2974 Aetheris
880 2911 912 2962 et
944 2912 1059 2965 terrae
1083 2927 1142 2992 ge·

135 3017 288 3083 nitebile
309 3037 472 3102 quaerere
495 3026 646 3100 tempus,
672 3013 869 3097 quibusdam
893 3017 999 3081 visum
1017 3033 1082 3096 est,
1106 3022 1144 3084 li·

135 3152 185 3203 cet
212 3134 356 3200 Lucretii
381 3154 503 3197 nomen
526 3136 614 3216 apud
636 3132 821 3199 Varronem
846 3135 973 3221 legatur
983 3136 1010 3201 5.

177 3256 304 3321 Verum
317 3253 589 3335 sophistarum
603 3269 704 3337 genus
716 3255 803 3316 haud
816 3253 913 3317 dubie
927 3277 1002 3318 eum
1018 3258 1143 3338 potissi·

133 3395 229 3438 mum
243 3372 348 3435 tenuit
362 3415 370 3446 ,
390 3389 534 3454 quorum
548 3369 688 3432 tricaret
702 3369 837 3450 ineptias
850 3371 1144 3458 definitionumque

137 3579 415 3602 -M-*aeffl

172 3708 181 3742 r
222 3690 336 3755 Fragm.
359 3682 496 3744 xxvtt,
517 3683 559 3733 43.
593 3677 738 3743 XXVlll,
759 3680 784 3741 5.
806 3680 830 3744 l,
852 3684 878 3733 8.

171 3803 185 3833 2
222 3781 399 3847 suppleo.

169 3884 185 3932 s
222 3883 335 3947 rragm.
358 3875 541 3938 xxvt,17.

169 3981 187 4030 t
223 3979 271 4027 Fr.
292 3977 345 4025 inc.
365 3972 407 4022 52.
433 3973 560 4024 Varro
584 3968 616 4018 de
635 3968 667 4015 L.
689 3968 722 4019 L.
742 3952 779 4024 V,
801 3967 843 4021 63.
1090 4018 1092 4022 ,

170 4080 184 4125 b
222 4067 404 4133 Dennv,
423 4085 461 4138 ¹7·
474 4064 518 4115 Cf.
539 4064 621 4114 Ares.
640 4065 776 4130 Popma
793 4064 831 4114 ad
845 4065 969 4118 V‹rrr.ll
989 4083 1050 4135 p.9.
1066 4066 1124 4134 Bip,

659 4193 721 4252 13*
