2580 4756
585 368 651 428 253

132 540 216 628 quid
243 554 405 617 statuere;
436 542 651 624 nequeenim
673 543 854 625 quidquam
878 541 989 607 indicii
1010 544 1050 607 de
1071 542 1144 625 pri-

133 682 191 724 mo
224 658 386 723 Luciliani
418 659 523 740 operis
552 659 666 723 habitu
686 671 849 741 superest,
880 659 941 724 nisi
965 664 1054 744 quod
1077 663 1146 744 ejus

135 783 307 842 satiras
333 776 544 841 familiaribus
570 778 633 842 suis
666 776 845 844 Archelaus
871 778 988 864 aliique
1009 782 1145 870 legendo

136 898 458 978 commentandoque
493 907 585 958 notas
614 895 724 958 fecisse
756 895 922 960 dicuntur.
969 896 1054 960 Fieri
1077 915 1145 959 non

138 1012 249 1094 potuit
271 1025 330 1087 ut,
355 1012 592 1096 quamprimo
615 1012 789 1076 satirarum
808 1012 894 1076 libro
923 1015 1044 1096 duplex
1070 1015 1147 1077 deo·

137 1150 214 1192 rum
239 1129 415 1193 concilium
441 1129 640 1212 descriptum
660 1130 701 1193 sit
718 1128 751 1206 1,
775 1129 868 1211 prior
888 1131 955 1214 ejus
967 1130 1043 1194 libri
1061 1150 1146 1213 pars,

138 1270 205 1331 qua
234 1247 324 1329 prius
360 1232 547 1310 concilium
563 1248 747 1328 expositum
772 1261 839 1323 est,
874 1248 1021 1325 universe
1039 1252 1147 1334 prior

141 1366 230 1429 liber
262 1366 448 1441 diceretur,
486 1365 565 1448 quia
598 1364 661 1429 dici
694 1379 884 1448 oportuerat
915 1370 1023 1453 prior
1060 1366 1149 1431 liber

136 1487 289 1569 primus.
313 1480 544 1567 Quapropter,
569 1503 604 1547 re
626 1485 805 1565 prudenter
827 1482 1042 1558 considerata,
1067 1484 1148 1548 milii

140 1601 234 1664 facile
257 1603 450 1682 persuadeo,
475 1601 641 1664 Lucilium
659 1601 818 1684 plurimas
843 1601 961 1665 diversi
972 1621 1148 1688 argumen-

141 1720 164 1782 ti
187 1719 296 1782 satiras
316 1719 560 1800 composuisse,
587 1740 704 1802 easque
725 1730 856 1782 cunctas
881 1717 1039 1782 duobus
1059 1718 1150 1784 libris

142 1835 443 1919 comprehendisse,
479 1856 624 1918 quorum
649 1834 794 1922 singulos
825 1835 861 1898 iis
881 1835 984 1899 titulis
1010 1856 1152 1900 ornave-

142 1954 208 2028 rit,
245 1955 301 2037 qui
331 1974 398 2017 non
419 1953 573 2016 omnibus
591 1954 749 2034 cujusque
769 1951 846 2014 libri
863 1938 986 2028 satiris,
1001 1956 1063 2018 sed
1083 1954 1152 2037 pri·

130 2089 217 2133 'snae
250 2073 408 2154 cujusque
439 2070 554 2134 satirae
584 2069 805 2134 convenirent.
857 2067 911 2134 Sic
942 2071 1032 2153 prior
1068 2070 1153 2136 liber

145 2188 250 2250 dictus
277 2188 318 2250 ab
340 2209 379 2251 eo
399 2187 462 2252 erit
485 2189 659 2252 Deorum
682 2188 923 2265 concilium,
959 2193 1040 2254 alter
1062 2189 1153 2256 Col·

144 2310 249 2390 lyra,
275 2319 372 2390 atque
390 2310 465 2390 jure
488 2306 766 2383 existimabimur,
791 2308 886 2370 illum
909 2309 947 2372 L.
977 2310 1070 2374 Aelio
1089 2307 1154 2374 Sti-

145 2422 211 2485 loni
227 2469 235 2498 ,
251 2423 277 2485 F
281 2423 380 2487 undio
398 2425 504 2488 villico
522 2427 663 2487 alterum
685 2423 883 2505 inscriptum
910 2426 1016 2487 fuisse.

191 2538 304 2623 Quum
338 2541 439 2624 igitur
463 2540 552 2600 'liaeo
570 2541 636 2600 'sola
659 2538 744 2600 ratio
765 2537 898 2619 pateat,
923 2540 1046 2621 quade
1068 2541 1157 2603 anti-

147 2655 303 2739 quissimo
340 2652 498 2717 Luciliani
533 2636 638 2732 operis
672 2650 787 2712 habitu
818 2650 982 2733 judicium
1013 2656 1156 2732 feratur,

147 2774 397 2856 quaerendum,
420 2767 479 2853 qui
505 2771 630 2832 factum
648 2759 703 2829 sit'
717 2777 752 2828 ut
774 2767 970 2854 triginta
982 2764 1156 2835 satirarum

148 2889 224 2952 libri
246 2887 402 2971 distingui
424 2871 599 2968 coeperint.
625 2884 832 2948 Revocamur
855 2885 899 2948 ita
917 2886 957 2949 ad
980 2889 1090 2952 locum
1103 2910 1159 2952 su-

150 3028 212 3089 pra
244 3027 261 3066 e
297 3003 407 3067 libello
440 2990 479 3066 da
514 3000 724 3066 illustribus
752 3006 1006 3089 grammaticis
1043 3008 1161 3092 lauda·

149 3139 224 3188 tum
238 3122 275 3199 23
310 3143 376 3206 quo
394 3119 431 3185 in
453 3120 610 3185 Romanis
635 3119 731 3183 fuisse
755 3119 933 3198 dicuntur,
958 3124 1016 3206 qui
1039 3126 1163 3192 carmi-

151 3264 210 3313 na,
232 3262 352 3324 parum
376 3243 482 3306 adhuc
506 3239 695 3325 divulgata,
719 3241 770 3303 vel
787 3242 1018 3305 defunctorum
1038 3244 1165 3308 amico·

152 3381 248 3434 rum,
274 3362 323 3422 vel
347 3359 373 3421 si
400 3378 544 3442 quorum
576 3357 716 3419 aliorum
740 3358 954 3439 probassent,
980 3359 1164 3445 diligentius

153 3489 378 3542 retractarent.
404 3475 455 3538 Ibi
479 3475 627 3557 primum
646 3477 685 3538 de
714 3473 824 3538 Naevii
840 3474 961 3540 Punico
974 3476 1060 3541 bello
1072 3500 1166 3544 men-

154 3598 200 3659 tio
229 3597 286 3669 fit,
320 3596 410 3677 quod
438 3590 476 3657 C.
503 3589 658 3659 Octavius
683 3591 865 3673 Lampadio
888 3612 956 3655 non
976 3597 1082 3659 solum
1101 3614 1167 3662 'ex-

155 3715 284 3798 plicuit,
308 3715 363 3776 sed
384 3713 504 3788 etiam,
521 3711 619 3774 unico
636 3710 803 3775 volumine
821 3724 854 3774 et
871 3706 1050 3779 continenti
1062 3719 1168 3800 scrip-

157 3894 376 3907 ...ψ-ᾠ-

193 4013 204 4048 1
245 3995 313 4060 Sup·
334 4012 359 4060 p.
382 3993 440 4045 165.

194 4111 209 4149 2
246 4091 418 4157 p.46,157.
