2580 4756
675 379 740 438 234

206 559 420 637 operculum-3
438 553 624 635 Lupicinus
649 555 813 626 sacerdos,
839 554 1020 615 secundum
1044 552 1129 616 illud
1141 575 1217 637 quo-

206 694 289 756 que,
308 675 347 734 de
366 692 432 754 quo
450 674 551 733 semel
573 671 606 732 in
631 670 697 733 vita
723 667 875 733 Crassum
889 670 934 732 ait
948 671 1050 734 risisse
1062 671 1216 736 Lucilius:

207 785 369 852 Similem
393 788 515 851 labent
542 787 644 850 labra
671 787 843 849 lactucam
857 790 958 850 asico
971 787 1122 850 carduos
1134 811 1217 852 com·

207 907 329 969 edecta.
374 905 540 970 Videlicet·
561 918 598 967 ut
632 907 833 985 perforatam
859 925 978 968 navem
1010 905 1127 970 debilis
1156 929 1215 990 gu·

207 1025 360 1087 hei-nator
397 1034 507 1106 regat,
544 1034 576 1084 et
611 1043 721 1085 caecus
753 1041 860 1084 caecos
884 1024 983 1085 ducat
1005 1023 1041 1084 in
1066 1025 1215 1099 foveam,

207 1141 341 1223 talisque
362 1139 402 1202 sit
429 1151 555 1213 rector,
580 1140 689 1220 quales
706 1137 752 1199 illi
766 1138 822 1220 qui
837 1152 998 1222 reguntur
1014 1138 1040 1202 1.
1056 1159 1073 1199 »
1101 1140 1217 1204 Anim-

207 1257 346 1322 advertit
394 1257 569 1330 Erasmus,
619 1267 736 1318 natum
770 1277 834 1318 esse
867 1255 1023 1340 adagium
1058 1258 1101 1320 ab
1131 1259 1215 1322 asino

207 1378 342 1439 carduos
355 1375 569 1455 comedente:
594 1375 755 1435 lactucam
778 1385 888 1435 autem
903 1393 968 1435 esse
979 1373 1122 1436 herbam
1136 1379 1216 1438 mol-

207 1497 274 1557 lem
295 1505 326 1553 et
351 1503 514 1563 teneram,
533 1511 616 1572 quae
637 1510 704 1550 non
729 1492 908 1552 admodum
923 1490 1088 1556 dissimilis
1099 1494 1139 1556 sit
1153 1515 1214 1556 car·

208 1613 297 1683 duo,
321 1607 512 1690 praesertim
537 1606 692 1691 sylvestri.
718 1603 1008 1688 Quemadmodum
1032 1608 1136 1694 igitur
1149 1633 1214 1674 ear·

207 1728 290 1789 duus
312 1726 457 1808 spinosus
483 1724 545 1798 sit,
583 1737 680 1806 atque
703 1726 863 1806 majorem
885 1724 920 1786 in
943 1729 1085 1788 modum
1107 1729 1214 1810 asperis

208 1843 294 1908 foliis
329 1856 361 1906 et
387 1845 500 1917 caule,
524 1842 593 1924 ipso
614 1843 712 1905 etiarn
733 1843 832 1917 flore,
856 1842 902 1904 ita
921 1843 999 1906 asini
1018 1845 1119 1909 labris
1143 1847 1216 1909 nihil

207 1962 318 2026 durius
342 1982 406 2024 esse
427 1973 524 2042 atque
550 1958 739 2042 petricosius
751 2004 760 2034 ,
785 1973 822 2022 ut
843 1960 903 2023 illis
924 1981 991 2023 non
1016 1963 1079 2026 alia
1099 1966 1215 2030 lactuca

201 2079 311 2164 ,magis
332 2092 409 2160 apta
430 2078 588 2147 videatur.
636 2075 787 2141 Pertinax
809 2090 921 2140 autem
940 2077 1132 2160 Imperator
1152 2095 1212 2145 taur

208 2198 312 2259 fertur
336 2194 429 2256 fuisse
452 2195 616 2269 sordidus,
641 2208 678 2257 ut
710 2194 893 2258 dimidiatas
916 2199 1059 2263 lactucas
1087 2212 1121 2263 et
1152 2221 1213 2263 oar-

209 2313 288 2375 duos
318 2311 352 2372 in
381 2311 509 2391 privata
540 2311 607 2374 vita
638 2313 779 2375 convivis
815 2315 1029 2397 apponeret2.
1077 2317 1213 2383 Fortasse

203 2428 308 2515 igitur
335 2427 370 2490 in
396 2424 562 2502 convivio,
601 2441 773 2510 conspecto
804 2431 860 2514 qui
894 2434 1104 2501 crassioribus
1131 2435 1214 2499 labiis

208 2550 335 2613 lactuca
367 2567 444 2609 cum
482 2548 650 2627 voluptate
680 2561 886 2626 vesceretur,
922 2550 1078 2617 audiente
1110 2552 1216 2618 Crasso

208 2666 323 2750 aliquis
344 2663 481 2730 conviva
505 2663 561 2727 illa
583 2663 662 2727 asini
690 2667 934 2748 comparatione
958 2691 1035 2735 usus
1052 2684 1117 2748 est,
1138 2691 1216 2755 qaue

207 2815 477 2831 m*—

242 2877 255 2914 1
294 2862 388 2928 Epist.
400 2859 444 2914 43.
464 2860 496 2911 ln
514 2862 595 2915 Vera.
620 2858 695 2912 Gall.
715 2878 773 2914 cur·
796 2863 902 2914 usit.
920 2867 1216 2936 Roussela.1715

207 2960 245 3037 ita
271 2955 389 3023 legitur:
408 2984 442 2995 -
460 2949 536 3006 etle
557 2956 627 3024 plus
657 2957 733 3008 riche
756 2977 779 3025 y
804 2977 891 3027 passe
910 2979 987 3029 pour
1006 2963 1034 3016 Ie
1047 2964 1215 3034 pluasaint·

209 3056 327 3122 Ajoutez
344 3051 363 3103 ἁ
380 3053 442 3103 celo
460 3043 512 3121 que
532 3070 576 3103 ces
588 3053 709 3120 periples
725 3056 863 3122 grossiora
881 3066 909 3109 et
925 3057 1216 3131 barbaressoatgou·

208 3152 305 3199 verne's
318 3164 375 3215 par
393 3147 420 3197 le
433 3149 530 3214 pratre
548 3149 692 3215 Lupicin,
713 3151 764 3219 qui
781 3169 816 3201 ne
834 3151 902 3204 l'est
915 3171 973 3222 pas
987 3158 1082 3208 moins
1100 3156 1215 3228 qu'sux:

209 3245 252 3296 tel
280 3261 368 3303 vase,
393 3241 434 3292 tel
452 3243 615 3306 conterere,
637 3263 740 3296 comma
758 3249 801 3298 dit
819 3248 845 3299 Ie
858 3250 1008 3319 proverbe,
1037 3270 1073 3318 ⁰13
1087 3273 1163 3324 pour
1179 3271 1217 3306 me

208 3342 298 3394 servir
314 3340 352 3390 du
371 3347 447 3400 aiot,
470 3337 530 3406 qui,
550 3355 587 3388 ou
607 3352 727 3408 rapport
744 3344 776 3394 de
794 3345 948 3410 Lucilius,
966 3357 1010 3398 est
1030 3348 1056 3400 Ie
1074 3350 1139 3401 seul
1154 3351 1218 3401 dont

147 3450 149 3456 '
210 3439 326 3489 Crassus
353 3435 398 3485 ait
410 3433 520 3500 jamnis
536 3435 564 3484 ri
582 3441 610 3486 at
629 3436 681 3504 qai
689 3437 746 3507 fut
762 3437 808 3488 dit
826 3457 860 3488 en
877 3455 911 3489 aa
924 3443 1059 3509 ptisanae
1078 3443 1218 3496 dl'occa-

208 3537 269 3589 sion
286 3532 356 3585 d’un
375 3532 451 3595 dna,
484 3533 535 3603 qui
552 3533 699 3603 mangeait
716 3535 764 3585 des
780 3535 936 3588 chersona:
953 3538 1069 3591 tellas
1087 3540 1217 3605 listas,

209 3630 322 3680 telles
350 3630 503 3681 lailues.
550 3628 625 3681 G’est
642 3627 661 3680 ὁ
678 3631 757 3692 dire,
777 3649 831 3700 que
855 3634 981 3702 Lupicin
1008 3642 1052 3686 est
1079 3638 1219 3708 urs'pr'lole

199 3724 295 3797 soible
315 3734 344 3776 at
363 3726 517 3793 ignorant,
548 3729 597 3797 q'ui
613 3745 642 3777 sa
660 3727 729 3779 male
747 3729 781 3779 de
794 3746 965 3799 gouvernar·
981 3757 1014 3773 a·
1034 3730 1114 3784 Patet
1131 3734 1220 3788 minas

212 3828 286 3872 reete
304 3820 466 3872 Rousselum
486 3824 632 3888 putavisse,
654 3823 759 3876 dictum
776 3824 848 3876 illud
866 3825 961 3891 fuisse,
981 3836 1133 3897 conspecto
1149 3830 1220 3886 asino

172 3931 174 3935 ·
193 3917 259 3986 'qui
277 3915 393 3972 carduos
410 3918 576 3973 comederet.
831 3960 835 3967 .

243 4032 261 4068 ι
296 4016 390 4086 Aaag.
405 4035 436 4086 p.
453 4017 529 4070 6441).
547 4017 592 4070 cf.
613 4019 800 4072 Fasciol.
821 4020 916 4072 nexio.
935 4039 962 4076 v.
982 4021 1130 4077 labrum.
1149 4026 1219 4079 rut.

213 4117 258 4162 Ga
265 4113 306 4181 pi
314 4121 334 4165 t.
361 4115 389 4165 V
388 4115 421 4167 it.
440 4116 555 4166 Partiri.
576 4131 616 4167 ta.
