2580 4756
615 325 675 386 221

135 501 248 585 Quare
265 501 382 572 crede,
407 517 535 561 versiam
559 499 771 580 posteriorem
797 500 885 563 tenui
898 500 1152 580 intervallosuc-

135 618 262 683 cessisse
276 615 404 679 duobus
420 615 605 696 prioribus,
630 629 728 699 atque
749 616 790 680 ob
804 617 947 681 maxime
956 623 1150 705 naturalem,

136 756 223 820 quaa
258 732 429 797 Scaevolae
461 744 552 806 erat,
588 733 714 797 dicendi
735 733 895 798 rationem
918 754 986 797 non
1006 735 1150 800 alienum

134 853 243 917 visum
268 872 332 915 esse
355 849 495 925 Lucilio,
518 852 585 932 ejus
605 849 742 931 persona
759 851 818 927 uti,
842 863 880 914 ut
892 849 995 915 Crassi
1012 853 1151 936 exquisi-

136 984 212 1033 tum
229 967 356 1031 dicendi
374 988 499 1052 genus,
524 987 732 1030 numerosam
755 980 788 1031 et
806 967 1019 1051 compositam
1028 969 1153 1034 oratio·

136 1108 217 1152 nem
236 1097 393 1170 tangeret.

180 1201 270 1266 Num
291 1201 419 1286 longior
433 1200 531 1264 fuerit
551 1205 646 1282 poeta
669 1200 706 1264 in
728 1201 863 1265 ridendo
891 1202 1046 1278 Albucio,
1069 1224 1152 1266 num

135 1319 216 1383 data
236 1317 335 1400 operti
360 1317 548 1399 opposuerit
570 1318 697 1380 homini
721 1320 789 1385 fere
814 1316 939 1383 Graeco
961 1331 994 1382 et
1015 1319 1152 1383 insolens

138 1435 394 1498 domesticarum
411 1454 524 1496 rerum
546 1433 712 1497 fastidium
729 1436 864 1517 jactanti
886 1437 1056 1502 hominem
1080 1435 1152 1500 avi-

136 1568 188 1616 tae
210 1551 394 1634 disciplinae
420 1550 593 1614 Romanae
622 1551 802 1615 studiosum
837 1565 936 1636 atque
963 1552 1146 1627 vindicem,

136 1689 242 1744 num,
272 1688 355 1751 quae
385 1666 447 1730 alia
467 1668 502 1728 in
525 1680 666 1750 utroque
690 1667 854 1732 contraria
877 1681 999 1742 essent,
1024 1668 1152 1750 Epicu·

136 1807 210 1849 reae
244 1798 275 1849 et
302 1784 427 1852 Stoicae
458 1786 624 1849 doctrinae
644 1786 807 1860 studium,
832 1786 992 1871 attigerit,
1016 1806 1085 1849 non
1107 1785 1153 1849 li·

136 1917 188 1970 cet
219 1924 422 1988 cognoscere.
468 1902 620 1986 Namque
647 1923 714 1965 non
740 1903 869 1985 ineptus
899 1907 1006 1967 solum
1033 1917 1066 1968 et
1091 1926 1132 1968 va

134 2044 196 2084 nus
226 2024 328 2083 homo
360 2033 429 2084 erat
449 2021 624 2097 Albucius,
661 2041 778 2084 verum
812 2020 912 2083 ctiam
941 2021 1149 2107 turbulentus

133 2138 214 2202 civis
231 2150 264 2200 et
282 2137 449 2213 sordidus,
473 2137 596 2221 quippe
606 2137 663 2222 qui
681 2138 716 2201 in
726 2139 868 2222 gerenda
880 2136 1046 2204 Sardiniae
1055 2160 1150 2222 prae·

138 2270 213 2319 tura
237 2277 266 2318 a.
281 2257 345 2317 549
361 2252 454 2342 (105)
479 2255 632 2318 avaritiae
654 2255 810 2320 invidiam
822 2255 881 2319 sibi
896 2257 1087 2324 conciliavit.
1110 2258 1150 2323 In

135 2394 202 2456 qua
228 2371 394 2453 provincia
425 2372 492 2453 ipsa
522 2384 721 2455 postquam,
744 2371 821 2435 belli
846 2374 1017 2470 materiem
1050 2396 1150 2458 quae-

134 2509 230 2564 rens,
274 2511 355 2560 cum*
381 2489 586 2551 mastrucatis
624 2487 822 2568 quibusdam
856 2488 1048 2552 latrunculis
1083 2511 1151 2553 una

133 2607 269 2669 cohorte
290 2605 458 2668 auxiliaria
476 2614 682 2688 pugnaverat
694 2599 729 2676 ¹,
754 2601 995 2682 triumphavit,
1019 2625 1058 2666 ac
1075 2605 1151 2668 Ro·

136 2744 228 2786 mam
249 2724 354 2784 redux
371 2721 629 2804 repetundarum
650 2729 815 2802 accusatus
839 2739 859 2781 a
878 2716 916 2781 C.
929 2717 1019 2782 Julio
1031 2717 1131 2785 Caesa

134 2859 171 2902 re
203 2836 364 2900 Strabone
397 2849 430 2899 et
456 2837 629 2898 damnatus
654 2833 764 2896 exsilio
796 2846 853 2898 est.
899 2834 1019 2899 Fertur
1045 2833 1150 2902 Athe-

134 2953 183 3019 nis
206 2952 400 3036 aequissimo
424 2951 536 3014 animo
560 2951 804 3034 philosophatus
827 2950 930 3017 esse2.

179 3188 334 3273 Legimus
355 3189 444 3271 apud
467 3186 651 3250 Lucilium:

134 3304 280 3368 Luciu'
303 3304 424 3368 Cotto
443 3326 554 3380 senec,
571 3303 701 3367 Crassi
716 3315 822 3390 pater
846 3306 946 3391 leoju'
961 3313 1098 3392 petroci,
1136 3390 1138 3394 ι

133 3422 289 3510 Magnus
306 3425 397 3487 trice
409 3420 493 3508 fuit
517 3424 753 3496 nummaria,
778 3423 906 3486 solvere
929 3425 1027 3488 null‘

134 3539 265 3604 Lentus
288 3540 315 3605 3.

169 3778 181 3814 r
221 3764 296 3814 Cic.
316 3764 349 3814 de
368 3780 448 3832 prov.
467 3764 574 3816 consul.
595 3783 622 3834 7.
640 3765 755 3834 Pige.
776 3766 853 3817 Ana.
875 3763 933 3830 111,
955 3766 1014 3834 147.

166 3876 182 3911 2
218 3861 239 3909 I
247 3861 273 3910 tl.
298 3859 332 3910 de
356 3861 411 3928 Off·
439 3858 480 3923 H,
505 3862 547 3923 14,
567 3860 612 3912 50.
641 3862 739 3912 Diria.
763 3863 793 3911 r'n
818 3865 898 3915 Uace.
920 3878 962 3931 19,
982 3864 1027 3922 63.
1059 3872 1141 3923 Ture.

135 3959 168 4023 Q.
189 3952 229 4018 V,
248 3955 294 4022 37,
317 3957 378 4008 108.

167 4055 182 4102 3
220 4054 404 4122 Fragm0Xl,
426 4057 450 4105 5.
