2580 4756
221 1084 223 1089 .
256 962 445 1089 Luciuu
467 952 787 1092 anserinum,
810 996 939 1087 onan
958 940 1172 1073 nousiu.

529 1141 851 1215 -nanunuunu
987 1152 1002 1209 ,·

610 1487 881 1549 ἢθη,
957 1506 1019 1518 .,

254 1770 373 1866 Solvi,
397 1811 480 1874 quae
506 1811 715 1872 receperam,
742 1809 843 1874 quam
858 1789 949 1873 potui
962 1789 1205 1876 religiosissime.

197 1908 297 1973 Abest
327 1922 438 1999 tamen
467 1912 633 1997 multum,
658 1921 717 1992 m.
738 1930 823 1993 quae¹
842 1908 1001 1986 illustrare
1021 1907 1135 1974 studui
1155 1922 1206 1973 aut

197 2031 239 2092 ad
263 2030 423 2112 majorem
446 2028 683 2112 probalitatemv
697 1997 894 2111 perducere,
914 2040 1028 2110 patere
1050 2049 1204 2092 censeam.

198 2144 308 2230 Quare
320 2150 485 2210 'sciturum
498 2169 607 2230 spero,
625 2157 662 2211 ut
686 2147 711 2210 si
731 2146 789 2230 qui
810 2146 874 2210 sint
897 2147 953 2231 qui
966 2146 1205 2210 dissentiant-

198 2257 280 2349 quos
302 2286 356 2327 me
380 2267 556 2328 nacturum·
580 2267 707 2357 confido
719 2300 761 2312 -
774 2254 898 2357 urbane
917 2248 1121 2340 dissentiant,
1132 2236 1203 2328 ami·

198 2404 234 2447 ce
254 2395 433 2459 moneant,
461 2367 670 2447 vehementer
693 2362 917 2467 persuadeant.
939 2364 993 2446 ¹I'n
1018 2349 1139 2467 primis
1156 2403 1199 2447 ve·

197 2525 254 2581 rc,
287 2517 325 2567 ut
361 2503 476 2568 Lucilii
508 2501 701 2589 fragmentis
733 2524 789 2580 ea,
823 2525 924 2588 quam
959 2504 1059 2568 multi
1087 2506 1203 2569 dudum

198 2626 409 2713 flagitarunt,
433 2645 513 2688 cura
532 2621 761 2707 impendatur,
786 2636 874 2708 opto.
915 2624 1134 2709 Accepimus,
1152 2644 1208 2687 no·

201 2768 254 2810 vas
282 2768 301 2809 a
335 2742 533 2809 Gerlacho
559 2755 592 2806 et
620 2742 895 2806 Lindemanno
939 2742 1036 2808 Nonii
1065 2742 1206 2808 Marcelli

200 2864 354 2950 editiones
386 2862 493 2946 parari
520 2883 656 2946 eosque,
683 2859 747 2925 suis
780 2883 946 2946 quemque
969 2863 1137 2928 bonorum
1154 2883 1211 2927 co·

199 2983 311 3048 dicum
331 2981 479 3047 subsidiis
493 2981 707 3057 instructum,
728 3002 807 3063 opus
821 2981 903 3044 illud
913 2978 1098 3064 suscepisse.
1122 2979 1211 3067 Quae

201 3124 251 3166 res
269 3116 306 3165 ut
328 3123 481 3184 prospere
494 3103 586 3165 cedat
607 3101 721 3185 quanti
739 3100 899 3164 momenti
923 3099 963 3163 sit
985 3100 1038 3177 iis,
1051 3101 1110 3185 qui
1127 3099 1212 3165 auti-

201 3219 332 3307 quitatis
365 3219 495 3282 studiosi
523 3231 620 3296 sunt,
656 3240 767 3284 omnes
804 3231 950 3297 norunt,
983 3220 1040 3304 qui
1068 3219 1212 3285 Nonium

200 3341 455 3424 persolverunt3
489 3338 674 3421 plurimum
700 3347 812 3402 tamen
830 3336 948 3403 Lucilii
964 3337 1060 3403 causi
1081 3339 1212 3404 interes·

199 3482 255 3538 se,
287 3462 378 3545 cujus
406 3459 556 3544 reliquias
587 3480 744 3546 magnam
774 3472 902 3542 partem
932 3459 1016 3524 illius
1037 3457 1212 3524 industriae

201 3579 376 3655 debemus,
414 3599 514 3643 nemo
543 3577 687 3665 negabit.
733 3576 832 3642 Juvat
860 3578 960 3665 igitur
980 3576 1038 3644 hic
1056 3582 1214 3644 nonnulla

204 3700 321 3762 addere
348 3697 526 3774 Luciliano,
549 3719 633 3781 quae
652 3696 771 3780 passim
792 3698 917 3782 reperi,
942 3711 976 3762 et
987 3701 1140 3791 nondum
1152 3700 1215 3763 col·

203 3818 287 3882 lecta
306 3837 369 3880 esse
393 3814 469 3881 scic.
