2580 4756
311 1080 376 1150 ult
397 1078 630 1149 Pausouls
669 1076 965 1146 LUCILIANIS.

188 1689 372 1799 superiore
397 1706 795 1798 disquisitione'quaerere
820 1713 1043 1790 instituimus,
1067 1715 1134 1798 qui·

132 1833 193 1897 bus
214 1833 418 1916 potissimum
443 1832 477 1894 in
501 1832 599 1895 rebus
625 1828 742 1894 Lucilii
758 1830 872 1894 satirae
897 1843 1043 1894 versatae
1059 1835 1134 1905 sint,

134 1972 217 2035 quae
244 1961 440 2036 argumenta
467 1971 564 2032 opere
593 1970 651 2012 suo
675 1951 863 2029 complexus
899 1971 963 2012 esse
987 1949 1135 2013 rideatur.

135 2069 184 2131 Eo
212 2081 323 2131 autem
344 2068 425 2132 illud
443 2067 573 2130 adducti
597 2066 728 2130 consilio
749 2066 909 2141 fecimus,
932 2069 1022 2149 quod
1039 2087 1137 2149 spera·

136 2183 253 2247 bamus
284 2188 372 2259 fore,
411 2197 446 2246 ut
472 2196 597 2265 pateret
613 2186 757 2266 quodam
778 2184 899 2258 mod0‚
923 2184 1006 2267 quid
1023 2184 1058 2247 in
1080 2185 1139 2266 ipsa

137 2321 273 2375 rerum,
307 2321 385 2382 quas
421 2321 498 2363 eum
523 2300 662 2385 attigisse
686 2312 829 2376 constet,
862 2300 1020 2365 varietate
1055 2323 1140 2385 prae·

140 2417 234 2498 cipue
256 2417 449 2499 spectaverit
469 2417 614 2481 satiricus
638 2422 751 2499 poe'ta,
775 2439 925 2502 quaeque
943 2420 1056 2483 aetatis
1075 2441 1142 2491 suae

141 2535 218 2598 vitia
244 2533 387 2597 maxime
411 2534 603 2620 cognitane
627 2537 755 2599 funesta
781 2551 970 2618 persecutus
993 2537 1045 2602 sit.
1088 2535 1144 2601 Ne·

141 2674 205 2737 que
241 2652 377 2716 omnino
412 2672 469 2716 nos
498 2674 570 2735 spes
605 2651 729 2716 fefellit.
776 2653 867 2718 Licet
884 2651 974 2716 enim
995 2659 1145 2739 pleraque

140 2792 198 2836 nos
228 2774 368 2847 lateant,
400 2791 461 2834 nec
494 2771 588 2834 facile
620 2770 692 2854 quis
723 2772 844 2853 pellere
868 2790 981 2836 omnes
1005 2773 1146 2838 tenebras

143 2889 260 2973 possit,
285 2901 397 2950 tamen
427 2888 601 2970 apparuit,
625 2908 727 2971 quam
751 2908 876 2952 necesse
898 2904 978 2955 esset
1002 2904 1040 2955 nt
1058 2891 1147 2956 Luci·

144 3007 204 3069 lius
239 3005 410 3081 maximis,
446 3004 565 3088 quibus
596 2992 760 3069 laboraret
782 3006 965 3088 respublica
982 3008 1148 3085 Romana,

147 3123 230 3188 vitiis
253 3123 435 3197 resisteret,
472 3137 504 3185 et
524 3123 616 3188 malis
640 3123 715 3187 inde
735 3124 854 3187 exortis
873 3127 1032 3190 sermonis
1054 3126 1150 3191 liber-

148 3256 214 3305 tate
237 3241 361 3320 mederi
384 3242 538 3305 studeret.
566 3316 570 3322 ,
590 3237 744 3304 Multum
759 3253 872 3305 tamen
895 3243 1001 3320 abest,
1024 3258 1064 3309 ut
1085 3266 1151 3309 orn·

149 3360 213 3436 nia,
238 3381 321 3444 quae
345 3361 410 3422 huc
429 3358 573 3434 faciant,
595 3359 884 3442 exploraverimus.
932 3358 1086 3444 Superest
1107 3367 1154 3428 al-

150 3493 220 3543 tera
248 3477 477 3561 disquisitionis
500 3475 598 3560 ipsius
615 3498 713 3560 pars,
738 3498 803 3561 qua
826 3479 867 3542 de
890 3482 1033 3561 personis
1059 3481 1155 3546 Luci-

149 3596 241 3660 lianis
264 3596 429 3681 agendum
452 3594 527 3660 erit.
574 3594 654 3658 Inde
678 3594 835 3661 illustrius
853 3596 999 3680 patebit,
1023 3620 1090 3684 quo
1106 3600 1156 3663 ille

153 3712 259 3776 studio
294 3731 361 3776 non
396 3714 504 3775 solnm
539 3710 697 3776 vitiorum
742 3715 891 3791 fontem,
926 3717 1158 3802 impietatem,

156 3829 401 3904 verumetiam,
427 3850 510 3912 quae
532 3831 574 3894 ad
584 3829 844 3895 labefactandam
858 3831 1016 3897 virtutem
1028 3854 1159 3899 omnem

156 3961 188 4011 et
209 3945 349 4029 priscam
371 3946 539 4010 Romanae
558 3947 636 4011 fidei
655 3949 794 4034 gloriam
815 3948 1070 4016 subvertendam
1088 3974 1162 4017 suc·

157 4063 353 4138 crescebant,
367 4066 565 4128 avaritiam
577 4080 609 4129 et
622 4069 931 4151 intemperantium
946 4071 1059 4136 tollere
1071 4091 1161 4135 cona·
1213 4120 1217 4132 .
